
@article{abaninRecentProgressManybody2017,
  title = {Recent Progress in Many-Body Localization},
  author = {Abanin, Dmitry A. and Papi\'c, Zlatko},
  date = {2017-07},
  journaltitle = {ANNALEN DER PHYSIK},
  volume = {529},
  number = {7},
  eprint = {1705.09103},
  eprinttype = {arxiv},
  pages = {1700169},
  issn = {00033804},
  doi = {10.1002/andp.201700169},
  archiveprefix = {arXiv}
}

@article{abbottPropertiesAstrophysicalImplications2020,
  title = {Properties and {{Astrophysical Implications}} of the 150 {{M}} \$\o dot\$ {{Binary Black Hole Merger GW190521}}},
  author = {Abbott, R. and Abbott, T. D. and Abraham, S. and Acernese, F. and Ackley, K. and Adams, C. and Adhikari, R. X. and Adya, V. B. and Affeldt, C. and Agathos, M. and Agatsuma, K. and Aggarwal, N. and Aguiar, O. D. and Aich, A. and Aiello, L. and Ain, A. and Ajith, P. and Akcay, S. and Allen, G. and Allocca, A. and Altin, P. A. and Amato, A. and Anand, S. and Ananyeva, A. and Anderson, S. B. and Anderson, W. G. and Angelova, S. V. and Ansoldi, S. and Antier, S. and Appert, S. and Arai, K. and Araya, M. C. and Areeda, J. S. and Ar\`ene, M. and Arnaud, N. and Aronson, S. M. and Arun, K. G. and Asali, Y. and Ascenzi, S. and Ashton, G. and Aston, S. M. and Astone, P. and Aubin, F. and Aufmuth, P. and AultONeal, K. and Austin, C. and Avendano, V. and Babak, S. and Bacon, P. and Badaracco, F. and Bader, M. K. M. and Bae, S. and Baer, A. M. and Baird, J. and Baldaccini, F. and Ballardin, G. and Ballmer, S. W. and Bals, A. and Balsamo, A. and Baltus, G. and Banagiri, S. and Bankar, D. and Bankar, R. S. and Barayoga, J. C. and Barbieri, C. and Barish, B. C. and Barker, D. and Barkett, K. and Barneo, P. and Barone, F. and Barr, B. and Barsotti, L. and Barsuglia, M. and Barta, D. and Bartlett, J. and Bartos, I. and Bassiri, R. and Basti, A. and Bawaj, M. and Bayley, J. C. and Bazzan, M. and B\'ecsy, B. and Bejger, M. and Belahcene, I. and Bell, A. S. and Beniwal, D. and Benjamin, M. G. and Bentley, J. D. and Bergamin, F. and Berger, B. K. and Bergmann, G. and Bernuzzi, S. and Berry, C. P. L. and Bersanetti, D. and Bertolini, A. and Betzwieser, J. and Bhandare, R. and Bhandari, A. V. and Bidler, J. and Biggs, E. and Bilenko, I. A. and Billingsley, G. and Birney, R. and Birnholtz, O. and Biscans, S. and Bischi, M. and Biscoveanu, S. and Bisht, A. and Bissenbayeva, G. and Bitossi, M. and Bizouard, M. A. and Blackburn, J. K. and Blackman, J. and Blair, C. D. and Blair, D. G. and Blair, R. M. and Bobba, F. and Bode, N. and Boer, M. and Boetzel, Y. and Bogaert, G. and Bondu, F. and Bonilla, E. and Bonnand, R. and Booker, P. and Boom, B. A. and Bork, R. and Boschi, V. and Bose, S. and Bossilkov, V. and Bosveld, J. and Bouffanais, Y. and Bozzi, A. and Bradaschia, C. and Brady, P. R. and Bramley, A. and Branchesi, M. and Brau, J. E. and Breschi, M. and Briant, T. and Briggs, J. H. and Brighenti, F. and Brillet, A. and Brinkmann, M. and Brockill, P. and Brooks, A. F. and Brooks, J. and Brown, D. D. and Brunett, S. and Bruno, G. and Bruntz, R. and Buikema, A. and Bulik, T. and Bulten, H. J. and Buonanno, A. and Buscicchio, R. and Buskulic, D. and Byer, R. L. and Cabero, M. and Cadonati, L. and Cagnoli, G. and Cahillane, C. and Bustillo, J. Calder\'on and Callaghan, J. D. and Callister, T. A. and Calloni, E. and Camp, J. B. and Canepa, M. and Cannon, K. C. and Cao, H. and Cao, J. and Carapella, G. and Carbognani, F. and Caride, S. and Carney, M. F. and Carullo, G. and Diaz, J. Casanueva and Casentini, C. and Casta\~neda, J. and Caudill, S. and Cavagli\`a, M. and Cavalier, F. and Cavalieri, R. and Cella, G. and Cerd\'a-Dur\'an, P. and Cesarini, E. and Chaibi, O. and Chakravarti, K. and Chan, C. and Chan, M. and Chao, S. and Charlton, P. and Chase, E. A. and Chassande-Mottin, E. and Chatterjee, D. and Chaturvedi, M. and Chatziioannou, K. and Chen, H. Y. and Chen, X. and Chen, Y. and Cheng, H.-P. and Cheong, C. K. and Chia, H. Y. and Chiadini, F. and Chierici, R. and Chincarini, A. and Chiummo, A. and Cho, G. and Cho, H. S. and Cho, M. and Christensen, N. and Chu, Q. and Chua, S. and Chung, K. W. and Chung, S. and Ciani, G. and Ciecielag, P. and Cie\'slar, M. and Ciobanu, A. A. and Ciolfi, R. and Cipriano, F. and Cirone, A. and Clara, F. and Clark, J. A. and Clearwater, P. and Clesse, S. and Cleva, F. and Coccia, E. and Cohadon, P.-F. and Cohen, D. and Colleoni, M. and Collette, C. G. and Collins, C. and Colpi, M. and Constancio, M. and Conti, L. and Cooper, S. J. and Corban, P. and Corbitt, T. R. and Cordero-Carri\'on, I. and Corezzi, S. and Corley, K. R. and Cornish, N. and Corre, D. and Corsi, A. and Cortese, S. and Costa, C. A. and Cotesta, R. and Coughlin, M. W. and Coughlin, S. B. and Coulon, J.-P. and Countryman, S. T. and Couvares, P. and Covas, P. B. and Coward, D. M. and Cowart, M. J. and Coyne, D. C. and Coyne, R. and Creighton, J. D. E. and Creighton, T. D. and Cripe, J. and Croquette, M. and Crowder, S. G. and Cudell, J.-R. and Cullen, T. J. and Cumming, A. and Cummings, R. and Cunningham, L. and Cuoco, E. and Curylo, M. and Canton, T. Dal and D\'alya, G. and Dana, A. and Daneshgaran-Bajastani, L. M. and D'Angelo, B. and Danilishin, S. L. and D'Antonio, S. and Danzmann, K. and Darsow-Fromm, C. and Dasgupta, A. and Datrier, L. E. H. and Dattilo, V. and Dave, I. and Davier, M. and Davies, G. S. and Davis, D. and Daw, E. J. and DeBra, D. and Deenadayalan, M. and Degallaix, J. and Laurentis, M. De and Del\'eglise, S. and Delfavero, M. and Lillo, N. De and Pozzo, W. Del and DeMarchi, L. M. and D'Emilio, V. and Demos, N. and Dent, T. and Pietri, R. De and Rosa, R. De and Rossi, C. De and DeSalvo, R. and family=Varona, given=O., prefix=de, useprefix=false and Dhurandhar, S. and D\'iaz, M. C. and Diaz-Ortiz, M. and Dietrich, T. and Fiore, L. Di and Fronzo, C. Di and Giorgio, C. Di and Giovanni, F. Di and Giovanni, M. Di and Girolamo, T. Di and Lieto, A. Di and Ding, B. and Pace, S. Di and Palma, I. Di and Renzo, F. Di and Divakarla, A. K. and Dmitriev, A. and Doctor, Z. and Donovan, F. and Dooley, K. L. and Doravari, S. and Dorrington, I. and Downes, T. P. and Drago, M. and Driggers, J. C. and Du, Z. and Ducoin, J.-G. and Dupej, P. and Durante, O. and D'Urso, D. and Dwyer, S. E. and Easter, P. J. and Eddolls, G. and Edelman, B. and Edo, T. B. and Edy, O. and Effler, A. and Ehrens, P. and Eichholz, J. and Eikenberry, S. S. and Eisenmann, M. and Eisenstein, R. A. and Ejlli, A. and Errico, L. and Essick, R. C. and Estelles, H. and Estevez, D. and Etienne, Z. B. and Etzel, T. and Evans, M. and Evans, T. M. and Ewing, B. E. and Fafone, V. and Fairhurst, S. and Fan, X. and Farinon, S. and Farr, B. and Farr, W. M. and Fauchon-Jones, E. J. and Favata, M. and Fays, M. and Fazio, M. and Feicht, J. and Fejer, M. M. and Feng, F. and Fenyvesi, E. and Ferguson, D. L. and Fernandez-Galiana, A. and Ferrante, I. and Ferreira, E. C. and Ferreira, T. A. and Fidecaro, F. and Fiori, I. and Fiorucci, D. and Fishbach, M. and Fisher, R. P. and Fittipaldi, R. and Fitz-Axen, M. and Fiumara, V. and Flaminio, R. and Floden, E. and Flynn, E. and Fong, H. and Font, J. A. and Forsyth, P. W. F. and Fournier, J.-D. and Frasca, S. and Frasconi, F. and Frei, Z. and Freise, A. and Frey, R. and Frey, V. and Fritschel, P. and Frolov, V. V. and Fronz\`e, G. and Fulda, P. and Fyffe, M. and Gabbard, H. A. and Gadre, B. U. and Gaebel, S. M. and Gair, J. R. and Galaudage, S. and Ganapathy, D. and Gaonkar, S. G. and Garc\'ia-Quir\'os, C. and Garufi, F. and Gateley, B. and Gaudio, S. and Gayathri, V. and Gemme, G. and Genin, E. and Gennai, A. and George, D. and George, J. and Gergely, L. and Ghonge, S. and Ghosh, Abhirup and Ghosh, Archisman and Ghosh, S. and Giacomazzo, B. and Giaime, J. A. and Giardina, K. D. and Gibson, D. R. and Gier, C. and Gill, K. and Glanzer, J. and Gniesmer, J. and Godwin, P. and Goetz, E. and Goetz, R. and Gohlke, N. and Goncharov, B. and Gonz\'alez, G. and Gopakumar, A. and Gossan, S. E. and Gosselin, M. and Gouaty, R. and Grace, B. and Grado, A. and Granata, M. and Grant, A. and Gras, S. and Grassia, P. and Gray, C. and Gray, R. and Greco, G. and Green, A. C. and Green, R. and Gretarsson, E. M. and Griggs, H. L. and Grignani, G. and Grimaldi, A. and Grimm, S. J. and Grote, H. and Grunewald, S. and Gruning, P. and Guidi, G. M. and Guimaraes, A. R. and Guix\'e, G. and Gulati, H. K. and Guo, Y. and Gupta, A. and Gupta, Anchal and Gupta, P. and Gustafson, E. K. and Gustafson, R. and Haegel, L. and Halim, O. and Hall, E. D. and Hamilton, E. Z. and Hammond, G. and Haney, M. and Hanke, M. M. and Hanks, J. and Hanna, C. and Hannam, M. D. and Hannuksela, O. A. and Hansen, T. J. and Hanson, J. and Harder, T. and Hardwick, T. and Haris, K. and Harms, J. and Harry, G. M. and Harry, I. W. and Hasskew, R. K. and Haster, C.-J. and Haughian, K. and Hayes, F. J. and Healy, J. and Heidmann, A. and Heintze, M. C. and Heinze, J. and Heitmann, H. and Hellman, F. and Hello, P. and Hemming, G. and Hendry, M. and Heng, I. S. and Hennes, E. and Hennig, J. and Heurs, M. and Hild, S. and Hinderer, T. and Hoback, S. Y. and Hochheim, S. and Hofgard, E. and Hofman, D. and Holgado, A. M. and Holland, N. A. and Holt, K. and Holz, D. E. and Hopkins, P. and Horst, C. and Hough, J. and Howell, E. J. and Hoy, C. G. and Huang, Y. and H\"ubner, M. T. and Huerta, E. A. and Huet, D. and Hughey, B. and Hui, V. and Husa, S. and Huttner, S. H. and Huxford, R. and Huynh-Dinh, T. and Idzkowski, B. and Iess, A. and Inchauspe, H. and Ingram, C. and Intini, G. and Isac, J.-M. and Isi, M. and Iyer, B. R. and Jacqmin, T. and Jadhav, S. J. and Jadhav, S. P. and James, A. L. and Jani, K. and Janthalur, N. N. and Jaranowski, P. and Jariwala, D. and Jaume, R. and Jenkins, A. C. and Jiang, J. and Johns, G. R. and Johnson-McDaniel, N. K. and Jones, A. W. and Jones, D. I. and Jones, J. D. and Jones, P. and Jones, R. and Jonker, R. J. G. and Ju, L. and Junker, J. and Kalaghatgi, C. V. and Kalogera, V. and Kamai, B. and Kandhasamy, S. and Kang, G. and Kanner, J. B. and Kapadia, S. J. and Karki, S. and Kashyap, R. and Kasprzack, M. and Kastaun, W. and Katsanevas, S. and Katsavounidis, E. and Katzman, W. and Kaufer, S. and Kawabe, K. and K\'ef\'elian, F. and Keitel, D. and Keivani, A. and Kennedy, R. and Key, J. S. and Khadka, S. and Khalili, F. Y. and Khan, I. and Khan, S. and Khan, Z. A. and Khazanov, E. A. and Khetan, N. and Khursheed, M. and Kijbunchoo, N. and Kim, Chunglee and Kim, G. J. and Kim, J. C. and Kim, K. and Kim, W. and Kim, W. S. and Kim, Y.-M. and Kimball, C. and King, P. J. and Kinley-Hanlon, M. and Kirchhoff, R. and Kissel, J. S. and Kleybolte, L. and Klimenko, S. and Knowles, T. D. and Knyazev, E. and Koch, P. and Koehlenbeck, S. M. and Koekoek, G. and Koley, S. and Kondrashov, V. and Kontos, A. and Koper, N. and Korobko, M. and Korth, W. Z. and Kovalam, M. and Kozak, D. B. and Kringel, V. and Krishnendu, N. V. and Kr\'olak, A. and Krupinski, N. and Kuehn, G. and Kumar, A. and Kumar, P. and Kumar, Rahul and Kumar, Rakesh and Kumar, S. and Kuo, L. and Kutynia, A. and Lackey, B. D. and Laghi, D. and Lalande, E. and Lam, T. L. and Lamberts, A. and Landry, M. and Lane, B. B. and Lang, R. N. and Lange, J. and Lantz, B. and Lanza, R. K. and Rosa, I. La and Lartaux-Vollard, A. and Lasky, P. D. and Laxen, M. and Lazzarini, A. and Lazzaro, C. and Leaci, P. and Leavey, S. and Lecoeuche, Y. K. and Lee, C. H. and Lee, H. M. and Lee, H. W. and Lee, J. and Lee, K. and Lehmann, J. and Leroy, N. and Letendre, N. and Levin, Y. and Li, A. K. Y. and Li, J. and {li}, K. and Li, T. G. F. and Li, X. and Linde, F. and Linker, S. D. and Linley, J. N. and Littenberg, T. B. and Liu, J. and Liu, X. and Llorens-Monteagudo, M. and Lo, R. K. L. and Lockwood, A. and London, L. T. and Longo, A. and Lorenzini, M. and Loriette, V. and Lormand, M. and Losurdo, G. and Lough, J. D. and Lousto, C. O. and Lovelace, G. and L\"uck, H. and Lumaca, D. and Lundgren, A. P. and Ma, Y. and Macas, R. and Macfoy, S. and MacInnis, M. and Macleod, D. M. and MacMillan, I. A. O. and Macquet, A. and Hernandez, I. Maga\~na and Maga\~na-Sandoval, F. and Magee, R. M. and Majorana, E. and Maksimovic, I. and Malik, A. and Man, N. and Mandic, V. and Mangano, V. and Mansell, G. L. and Manske, M. and Mantovani, M. and Mapelli, M. and Marchesoni, F. and Marion, F. and M\'arka, S. and M\'arka, Z. and Markakis, C. and Markosyan, A. S. and Markowitz, A. and Maros, E. and Marquina, A. and Marsat, S. and Martelli, F. and Martin, I. W. and Martin, R. M. and Martinez, V. and Martynov, D. V. and Masalehdan, H. and Mason, K. and Massera, E. and Masserot, A. and Massinger, T. J. and Masso-Reid, M. and Mastrogiovanni, S. and Matas, A. and Matichard, F. and Mavalvala, N. and Maynard, E. and McCann, J. J. and McCarthy, R. and McClelland, D. E. and McCormick, S. and McCuller, L. and McGuire, S. C. and McIsaac, C. and McIver, J. and McManus, D. J. and McRae, T. and McWilliams, S. T. and Meacher, D. and Meadors, G. D. and Mehmet, M. and Mehta, A. K. and Villa, E. Mejuto and Melatos, A. and Mendell, G. and Mercer, R. A. and Mereni, L. and Merfeld, K. and Merilh, E. L. and Merritt, J. D. and Merzougui, M. and Meshkov, S. and Messenger, C. and Messick, C. and Metzdorff, R. and Meyers, P. M. and Meylahn, F. and Mhaske, A. and Miani, A. and Miao, H. and Michaloliakos, I. and Michel, C. and Middleton, H. and Milano, L. and Miller, A. L. and Millhouse, M. and Mills, J. C. and Milotti, E. and Milovich-Goff, M. C. and Minazzoli, O. and Minenkov, Y. and Mishkin, A. and Mishra, C. and Mistry, T. and Mitra, S. and Mitrofanov, V. P. and Mitselmakher, G. and Mittleman, R. and Mo, G. and Mogushi, K. and Mohapatra, S. R. P. and Mohite, S. R. and Molina-Ruiz, M. and Mondin, M. and Montani, M. and Moore, C. J. and Moraru, D. and Morawski, F. and Moreno, G. and Morisaki, S. and Mours, B. and Mow-Lowry, C. M. and Mozzon, S. and Muciaccia, F. and Mukherjee, Arunava and Mukherjee, D. and Mukherjee, S. and Mukherjee, Subroto and Mukund, N. and Mullavey, A. and Munch, J. and Mu\~niz, E. A. and Murray, P. G. and Nagar, A. and Nardecchia, I. and Naticchioni, L. and Nayak, R. K. and Neil, B. F. and Neilson, J. and Nelemans, G. and Nelson, T. J. N. and Nery, M. and Neunzert, A. and Ng, K. Y. and Ng, S. and Nguyen, C. and Nguyen, P. and Nichols, D. and Nichols, S. A. and Nissanke, S. and Nocera, F. and Noh, M. and North, C. and Nothard, D. and Nuttall, L. K. and Oberling, J. and O'Brien, B. D. and Oganesyan, G. and Ogin, G. H. and Oh, J. J. and Oh, S. H. and Ohme, F. and Ohta, H. and Okada, M. A. and Oliver, M. and Olivetto, C. and Oppermann, P. and Oram, Richard J. and O'Reilly, B. and Ormiston, R. G. and Ortega, L. F. and O'Shaughnessy, R. and Ossokine, S. and Osthelder, C. and Ottaway, D. J. and Overmier, H. and Owen, B. J. and Pace, A. E. and Pagano, G. and Page, M. A. and Pagliaroli, G. and Pai, A. and Pai, S. A. and Palamos, J. R. and Palashov, O. and Palomba, C. and Pan, H. and Panda, P. K. and Pang, P. T. H. and Pankow, C. and Pannarale, F. and Pant, B. C. and Paoletti, F. and Paoli, A. and Parida, A. and Parker, W. and Pascucci, D. and Pasqualetti, A. and Passaquieti, R. and Passuello, D. and Patricelli, B. and Payne, E. and Pearlstone, B. L. and Pechsiri, T. C. and Pedersen, A. J. and Pedraza, M. and Pele, A. and Penn, S. and Perego, A. and Perez, C. J. and P\'erigois, C. and Perreca, A. and Perri\`es, S. and Petermann, J. and Pfeiffer, H. P. and Phelps, M. and Phukon, K. S. and Piccinni, O. J. and Pichot, M. and Piendibene, M. and Piergiovanni, F. and Pierro, V. and Pillant, G. and Pinard, L. and Pinto, I. M. and Piotrzkowski, K. and Pirello, M. and Pitkin, M. and Plastino, W. and Poggiani, R. and Pong, D. Y. T. and Ponrathnam, S. and Popolizio, P. and Porter, E. K. and Powell, J. and Prajapati, A. K. and Prasai, K. and Prasanna, R. and Pratten, G. and Prestegard, T. and Principe, M. and Prodi, G. A. and Prokhorov, L. and Punturo, M. and Puppo, P. and P\"urrer, M. and Qi, H. and Quetschke, V. and Quinonez, P. J. and Raab, F. J. and Raaijmakers, G. and Radkins, H. and Radulesco, N. and Raffai, P. and Rafferty, H. and Raja, S. and Rajan, C. and Rajbhandari, B. and Rakhmanov, M. and Ramirez, K. E. and Ramos-Buades, A. and Rana, Javed and Rao, K. and Rapagnani, P. and Raymond, V. and Razzano, M. and Read, J. and Regimbau, T. and Rei, L. and Reid, S. and Reitze, D. H. and Rettegno, P. and Ricci, F. and Richardson, C. J. and Richardson, J. W. and Ricker, P. M. and Riemenschneider, G. and Riles, K. and Rizzo, M. and Robertson, N. A. and Robinet, F. and Rocchi, A. and Rodriguez-Soto, R. D. and Rolland, L. and Rollins, J. G. and Roma, V. J. and Romanelli, M. and Romano, R. and Romel, C. L. and Romero-Shaw, I. M. and Romie, J. H. and Rose, C. A. and Rose, D. and Rose, K. and Rosi\'nska, D. and Rosofsky, S. G. and Ross, M. P. and Rowan, S. and Rowlinson, S. J. and Roy, P. K. and Roy, Santosh and Roy, Soumen and Ruggi, P. and Rutins, G. and Ryan, K. and Sachdev, S. and Sadecki, T. and Sakellariadou, M. and Salafia, O. S. and Salconi, L. and Saleem, M. and Samajdar, A. and Sanchez, E. J. and Sanchez, L. E. and Sanchis-Gual, N. and Sanders, J. R. and Santiago, K. A. and Santos, E. and Sarin, N. and Sassolas, B. and Sathyaprakash, B. S. and Sauter, O. and Savage, R. L. and Savant, V. and Sawant, D. and Sayah, S. and Schaetzl, D. and Schale, P. and Scheel, M. and Scheuer, J. and Schmidt, P. and Schnabel, R. and Schofield, R. M. S. and Sch\"onbeck, A. and Schreiber, E. and Schulte, B. W. and Schutz, B. F. and Schwarm, O. and Schwartz, E. and Scott, J. and Scott, S. M. and Seidel, E. and Sellers, D. and Sengupta, A. S. and Sennett, N. and Sentenac, D. and Sequino, V. and Sergeev, A. and Setyawati, Y. and Shaddock, D. A. and Shaffer, T. and Shahriar, M. S. and Sharifi, S. and Sharma, A. and Sharma, P. and Shawhan, P. and Shen, H. and Shikauchi, M. and Shink, R. and Shoemaker, D. H. and Shoemaker, D. M. and Shukla, K. and ShyamSundar, S. and Siellez, K. and Sieniawska, M. and Sigg, D. and Singer, L. P. and Singh, D. and Singh, N. and Singha, A. and Singhal, A. and Sintes, A. M. and Sipala, V. and Skliris, V. and Slagmolen, B. J. J. and Slaven-Blair, T. J. and Smetana, J. and Smith, J. R. and Smith, R. J. E. and Somala, S. and Son, E. J. and Soni, S. and Sorazu, B. and Sordini, V. and Sorrentino, F. and Souradeep, T. and Sowell, E. and Spencer, A. P. and Spera, M. and Srivastava, A. K. and Srivastava, V. and Staats, K. and Stachie, C. and Standke, M. and Steer, D. A. and Steinke, M. and Steinlechner, J. and Steinlechner, S. and Steinmeyer, D. and Stevenson, S. and Stocks, D. and Stops, D. J. and Stover, M. and Strain, K. A. and Stratta, G. and Strunk, A. and Sturani, R. and Stuver, A. L. and Sudhagar, S. and Sudhir, V. and Summerscales, T. Z. and Sun, L. and Sunil, S. and Sur, A. and Suresh, J. and Sutton, P. J. and Swinkels, B. L. and Szczepa\'nczyk, M. J. and Tacca, M. and Tait, S. C. and Talbot, C. and Tanasijczuk, A. J. and Tanner, D. B. and Tao, D. and T\'apai, M. and Tapia, A. and Martin, E. N. Tapia San and Tasson, J. D. and Taylor, R. and Tenorio, R. and Terkowski, L. and Thirugnanasambandam, M. P. and Thomas, M. and Thomas, P. and Thompson, J. E. and Thondapu, S. R. and Thorne, K. A. and Thrane, E. and Tinsman, C. L. and Saravanan, T. R. and Tiwari, Shubhanshu and Tiwari, S. and Tiwari, V. and Toland, K. and Tonelli, M. and Tornasi, Z. and Torres-Forn\'e, A. and Torrie, C. I. and family=Melo, given=I. Tosta, prefix=e, useprefix=false and T\"oyr\"a, D. and Trail, E. A. and Travasso, F. and Traylor, G. and Tringali, M. C. and Tripathee, A. and Trovato, A. and Trudeau, R. J. and Tsang, K. W. and Tse, M. and Tso, R. and Tsukada, L. and Tsuna, D. and Tsutsui, T. and Turconi, M. and Ubhi, A. S. and Udall, R. and Ueno, K. and Ugolini, D. and Unnikrishnan, C. S. and Urban, A. L. and Usman, S. A. and Utina, A. C. and Vahlbruch, H. and Vajente, G. and Valdes, G. and Valentini, M. and family=Bakel, given=N., prefix=van, useprefix=false and family=Beuzekom, given=M., prefix=van, useprefix=false and family=Brand, given=J. F. J., prefix=van den, useprefix=false and Broeck, C. Van Den and Vander-Hyde, D. C. and family=Schaaf, given=L., prefix=van der, useprefix=false and Heijningen, J. V. Van and family=Veggel, given=A. A., prefix=van, useprefix=false and Vardaro, M. and Varma, V. and Vass, S. and Vas\'uth, M. and Vecchio, A. and Vedovato, G. and Veitch, J. and Veitch, P. J. and Venkateswara, K. and Venugopalan, G. and Verkindt, D. and Veske, D. and Vetrano, F. and Vicer\'e, A. and Viets, A. D. and Vinciguerra, S. and Vine, D. J. and Vinet, J.-Y. and Vitale, S. and Vivanco, Francisco Hernandez and Vo, T. and Vocca, H. and Vorvick, C. and Vyatchanin, S. P. and Wade, A. R. and Wade, L. E. and Wade, M. and Walet, R. and Walker, M. and Wallace, G. S. and Wallace, L. and Walsh, S. and Wang, J. Z. and Wang, S. and Wang, W. H. and Ward, R. L. and Warden, Z. A. and Warner, J. and Was, M. and Watchi, J. and Weaver, B. and Wei, L.-W. and Weinert, M. and Weinstein, A. J. and Weiss, R. and Wellmann, F. and Wen, L. and We\ss els, P. and Westhouse, J. W. and Wette, K. and Whelan, J. T. and Whiting, B. F. and Whittle, C. and Wilken, D. M. and Williams, D. and Williamson, A. and Willis, J. L. and Willke, B. and Winkler, W. and Wipf, C. C. and Wittel, H. and Woan, G. and Woehler, J. and Wofford, J. K. and Wong, C. and Wright, J. L. and Wu, D. S. and Wysocki, D. M. and Xiao, L. and Yamamoto, H. and Yang, L. and Yang, Y. and Yang, Z. and Yap, M. J. and Yazback, M. and Yeeles, D. W. and Yu, Hang and Yu, Haocun and Yuen, S. H. R. and Zadro\textbackslash.zny, A. K. and Zadro\textbackslash.zny, A. and Zanolin, M. and Zelenova, T. and Zendri, J.-P. and Zevin, M. and Zhang, J. and Zhang, L. and Zhang, T. and Zhao, C. and Zhao, G. and Zhou, M. and Zhou, Z. and Zhu, X. J. and Zimmerman, A. B. and Zlochower, Y. and Zucker, M. E. and {and}, J. Zweizig},
  date = {2020-09},
  journaltitle = {ApJL},
  volume = {900},
  number = {1},
  pages = {L13},
  publisher = {{American Astronomical Society}},
  issn = {2041-8205},
  doi = {10.3847/2041-8213/aba493},
  langid = {english}
}

@article{abrahamsScalingTheoryLocalization1979,
  title = {Scaling {{Theory}} of {{Localization}}: {{Absence}} of {{Quantum Diffusion}} in {{Two Dimensions}}},
  shorttitle = {Scaling {{Theory}} of {{Localization}}},
  author = {Abrahams, E. and Anderson, P. W. and Licciardello, D. C. and Ramakrishnan, T. V.},
  date = {1979-03-05},
  journaltitle = {Phys. Rev. Lett.},
  volume = {42},
  number = {10},
  pages = {673--676},
  publisher = {{American Physical Society}},
  doi = {10.1103/PhysRevLett.42.673}
}

@incollection{agarwala2019topological,
  title = {Topological Insulators in Amorphous Systems},
  booktitle = {Excursions in Ill-Condensed Quantum Matter},
  author = {Agarwala, Adhip},
  date = {2019},
  pages = {61--79},
  publisher = {{Springer}}
}

@article{agarwala2020higher,
  title = {Higher-Order Topological Insulators in Amorphous Solids},
  author = {Agarwala, Adhip and Juri\v{c}i\'c, Vladimir and Roy, Bitan},
  date = {2020},
  journaltitle = {Physical Review Research},
  volume = {2},
  number = {1},
  pages = {012067},
  publisher = {{APS}}
}

@article{aharonovSignificanceElectromagneticPotentials1959,
  title = {Significance of {{Electromagnetic Potentials}} in the {{Quantum Theory}}},
  author = {Aharonov, Y. and Bohm, D.},
  date = {1959-08-01},
  journaltitle = {Phys. Rev.},
  volume = {115},
  number = {3},
  pages = {485--491},
  publisher = {{American Physical Society}},
  doi = {10.1103/PhysRev.115.485}
}

@article{aharony1975critical,
  title = {Critical Behavior of Amorphous Magnets},
  author = {Aharony, Amnon},
  date = {1975},
  journaltitle = {Physical Review B},
  volume = {12},
  number = {3},
  pages = {1038},
  publisher = {{APS}}
}

@article{ajisakaDecoherenceNitrogenVacancy2016,
  title = {Decoherence of {{Nitrogen Vacancy Centers}} in {{Diamond}}},
  author = {Ajisaka, Shigeru and Band, Y. B.},
  date = {2016-10-19},
  journaltitle = {Physical Review B},
  volume = {94},
  number = {13},
  eprint = {1511.09049},
  eprinttype = {arxiv},
  issn = {2469-9950, 2469-9969},
  doi = {10.1103/PhysRevB.94.134107},
  archiveprefix = {arXiv}
}

@article{ajisakaDecoherenceThreelevelSystems2016,
  title = {Decoherence of Three-Level Systems: {{Application}} to Nitrogen-Vacancy Centers in Diamond near a Surface},
  shorttitle = {Decoherence of Three-Level Systems},
  author = {Ajisaka, Shigeru and Band, Y. B.},
  date = {2016-10-19},
  journaltitle = {Phys. Rev. B},
  volume = {94},
  number = {13},
  pages = {134107},
  doi = {10.1103/PhysRevB.94.134107}
}

@article{alounehComprehensiveStudyAnalysis2019,
  title = {A Comprehensive Study and Analysis on {{SAT-solvers}}: Advances, Usages and Achievements},
  shorttitle = {A Comprehensive Study and Analysis on {{SAT-solvers}}},
  author = {Alouneh, Sahel and Abed, Sa'ed and Al Shayeji, Mohammad H. and Mesleh, Raed},
  date = {2019-12-01},
  journaltitle = {Artif Intell Rev},
  volume = {52},
  number = {4},
  pages = {2575--2601},
  issn = {1573-7462},
  doi = {10.1007/s10462-018-9628-0},
  langid = {english}
}

@article{alyamiUniformSamplingDirected2016,
  title = {Uniform {{Sampling}} of {{Directed}} and {{Undirected Graphs Conditional}} on {{Vertex Connectivity}}},
  author = {Alyami, Salem A. and Azad, A. K. M. and Keith, Jonathan M.},
  date = {2016-09-01},
  journaltitle = {Electronic Notes in Discrete Mathematics},
  series = {International {{Conference}} on {{Graph Theory}} and Its {{Applications}}},
  volume = {53},
  pages = {43--55},
  issn = {1571-0653},
  doi = {10.1016/j.endm.2016.05.005},
  langid = {english}
}

@article{Anderson1973,
  title = {Resonating Valence Bonds: A New Kind of Insulator?},
  author = {Anderson, P. W.},
  date = {1973},
  journaltitle = {Mater. Res. Bull.},
  volume = {8},
  number = {2},
  pages = {153--160},
  owner = {willian},
  timestamp = {2015.08.27}
}

@article{andersonAbsenceDiffusionCertain1958,
  title = {Absence of {{Diffusion}} in {{Certain Random Lattices}}},
  author = {Anderson, P. W.},
  date = {1958-03-01},
  journaltitle = {Phys. Rev.},
  volume = {109},
  number = {5},
  pages = {1492--1505},
  doi = {10.1103/PhysRev.109.1492}
}

@article{andersonExactResultsKondo1969,
  title = {Exact {{Results}} in the {{Kondo Problem}}: {{Equivalence}} to a {{Classical One-Dimensional Coulomb Gas}}},
  shorttitle = {Exact {{Results}} in the {{Kondo Problem}}},
  author = {Anderson, P. W. and Yuval, G.},
  date = {1969-07-14},
  journaltitle = {Phys. Rev. Lett.},
  volume = {23},
  number = {2},
  pages = {89--92},
  doi = {10.1103/PhysRevLett.23.89}
}

@article{andersonMoreDifferent1972,
  title = {More {{Is Different}}},
  author = {Anderson, P. W.},
  date = {1972-08-04},
  journaltitle = {Science},
  volume = {177},
  number = {4047},
  pages = {393--396},
  publisher = {{American Association for the Advancement of Science}},
  doi = {10.1126/science.177.4047.393}
}

@article{andersonResonatingValenceBonds1973,
  title = {Resonating Valence Bonds: {{A}} New Kind of Insulator?},
  shorttitle = {Resonating Valence Bonds},
  author = {Anderson, P. W.},
  date = {1973-02-01},
  journaltitle = {Materials Research Bulletin},
  volume = {8},
  number = {2},
  pages = {153--160},
  issn = {0025-5408},
  doi = {10.1016/0025-5408(73)90167-0},
  langid = {english}
}

@article{Andreev1,
  title = {Macroscopic {{Theory}} of Spin Waves},
  author = {Andreev, A F and Marchenko, V I},
  date = {1976-04},
  journaltitle = {Zh. Eksp. Teor. Fiz.},
  volume = {70},
  number = {4},
  pages = {1522--1538}
}

@article{Andreev2,
  title = {Magnetic {{Properties}} of Disordered Media},
  author = {Andreev, A F},
  date = {1978-02},
  journaltitle = {Soviet Physics Uspekhi},
  volume = {21},
  number = {6},
  pages = {541}
}

@article{Andreev3,
  title = {Symmetry and the Macroscopic Dynamics of Magnetic Materials},
  author = {Andreev, A F and Marchenko, V I},
  date = {1980-01},
  journaltitle = {Soviet Physics Uspekhi},
  volume = {23},
  number = {1},
  pages = {21}
}

@article{angeliniRelationsShortrangeLongrange2014,
  title = {Relations between Short-Range and Long-Range {{Ising}} Models},
  author = {Angelini, Maria Chiara and Parisi, Giorgio and Ricci-Tersenghi, Federico},
  date = {2014-06-12},
  journaltitle = {Phys. Rev. E},
  volume = {89},
  number = {6},
  pages = {062120},
  publisher = {{American Physical Society}},
  doi = {10.1103/PhysRevE.89.062120}
}

@article{antipovCriticalExponentsStrongly2014,
  title = {Critical {{Exponents}} of {{Strongly Correlated Fermion Systems}} from {{Diagrammatic Multiscale Methods}}},
  author = {Antipov, Andrey E. and Gull, Emanuel and Kirchner, Stefan},
  date = {2014-06-04},
  journaltitle = {Phys. Rev. Lett.},
  volume = {112},
  number = {22},
  pages = {226401},
  publisher = {{American Physical Society}},
  doi = {10.1103/PhysRevLett.112.226401}
}

@article{antipovInteractionTunedAndersonMott2016,
  title = {Interaction-{{Tuned Anderson}} versus {{Mott Localization}}},
  author = {Antipov, Andrey E. and Javanmard, Younes and Ribeiro, Pedro and Kirchner, Stefan},
  date = {2016-09-28},
  journaltitle = {Phys. Rev. Lett.},
  volume = {117},
  number = {14},
  pages = {146601},
  doi = {10.1103/PhysRevLett.117.146601}
}

@inproceedings{appelEveryPlanarMap1989,
  title = {Every {{Planar Map Is Four Colorable}}},
  author = {Appel, K. and Haken, W.},
  date = {1989},
  doi = {10.1090/conm/098}
}

@book{appelEveryPlanarMap1989a,
  title = {Every {{Planar Map}} Is {{Four Colorable}}},
  author = {Appel, Kenneth and Haken, Wolfgang},
  date = {1989},
  series = {Contemporary {{Mathematics}}},
  volume = {98},
  publisher = {{American Mathematical Society}},
  issn = {1098-3627, 0271-4132},
  doi = {10.1090/conm/098},
  isbn = {978-0-8218-5103-6 978-0-8218-5431-0 978-0-8218-7686-2},
  langid = {english}
}

@unpublished{asbothShortCourseTopological2016,
  title = {A {{Short Course}} on {{Topological Insulators}}: {{Band-structure}} Topology and Edge States in One and Two Dimensions},
  shorttitle = {A {{Short Course}} on {{Topological Insulators}}},
  author = {Asb\'oth, J\'anos K. and Oroszl\'any, L\'aszl\'o and P\'alyi, Andr\'as},
  date = {2016},
  volume = {919},
  eprint = {1509.02295},
  eprinttype = {arxiv},
  primaryclass = {cond-mat},
  doi = {10.1007/978-3-319-25607-8},
  archiveprefix = {arXiv}
}

@book{ashcroftSolidStatePhysics1976,
  ids = {ashcroftSolidStatePhysic1976},
  title = {Solid {{State Physics}}},
  author = {Ashcroft, Neil W. and Mermin, N. David},
  date = {1976},
  eprint = {1C9HAQAAIAAJ},
  eprinttype = {googlebooks},
  publisher = {{Holt, Rinehart and Winston}},
  isbn = {978-0-03-083993-1},
  langid = {english},
  pagetotal = {868}
}

@article{astleithnerParquetDualFermion2020,
  title = {Parquet Dual Fermion Approach for the {{Falicov-Kimball}} Model},
  author = {Astleithner, K. and Kauch, A. and Ribic, T. and Held, K.},
  date = {2020-04-01},
  journaltitle = {Phys. Rev. B},
  volume = {101},
  number = {16},
  pages = {165101},
  publisher = {{American Physical Society}},
  doi = {10.1103/PhysRevB.101.165101}
}

@article{aubryAnalyticityBreakingAnderson1980,
  title = {Analyticity Breaking and {{Anderson}} Localization in Incommensurate Lattices},
  author = {Aubry, Serge and Andr\'e, Gilles},
  date = {1980-01-01},
  journaltitle = {Proceedings, VIII International Colloquium on Group-Theoretical Methods in Physics},
  volume = {3},
  number = {133},
  pages = {18}
}

@online{AutocorrelationTimeEstimation,
  title = {Autocorrelation Time Estimation by {{Dan Foreman-Mackey}}},
  url = {https://dfm.io/posts/autocorr/},
  urldate = {2019-06-20}
}

@article{balasubramanianNanoscaleImagingMagnetometry2008,
  title = {Nanoscale Imaging Magnetometry with Diamond Spins under Ambient Conditions},
  author = {Balasubramanian, Gopalakrishnan and Chan, I. Y. and Kolesov, Roman and Al-Hmoud, Mohannad and Tisler, Julia and Shin, Chang and Kim, Changdong and Wojcik, Aleksander and Hemmer, Philip R. and Krueger, Anke and Hanke, Tobias and Leitenstorfer, Alfred and Bratschitsch, Rudolf and Jelezko, Fedor and Wrachtrup, J\"org},
  date = {2008-10},
  journaltitle = {Nature},
  volume = {455},
  number = {7213},
  pages = {648--651},
  issn = {1476-4687},
  doi = {10.1038/nature07278},
  langid = {english}
}

@article{balasubramanianUltralongSpinCoherence2009,
  title = {Ultralong Spin Coherence Time in Isotopically Engineered Diamond},
  author = {Balasubramanian, Gopalakrishnan and Neumann, Philipp and Twitchen, Daniel and Markham, Matthew and Kolesov, Roman and Mizuochi, Norikazu and Isoya, Junichi and Achard, Jocelyn and Beck, Johannes and Tissler, Julia and Jacques, Vincent and Hemmer, Philip R. and Jelezko, Fedor and Wrachtrup, J\"org},
  date = {2009-05},
  journaltitle = {Nature Materials},
  volume = {8},
  number = {5},
  pages = {383--387},
  issn = {1476-4660},
  doi = {10.1038/nmat2420},
  langid = {english}
}

@article{balentsDualOrderParameter1999,
  title = {Dual Order Parameter for the Nodal Liquid},
  author = {Balents, Leon and Fisher, Matthew P. A. and Nayak, Chetan},
  date = {1999-07-15},
  journaltitle = {Phys. Rev. B},
  volume = {60},
  number = {3},
  pages = {1654--1667},
  publisher = {{American Physical Society}},
  doi = {10.1103/PhysRevB.60.1654}
}

@article{balentsNodalLiquidTheory1998,
  title = {Nodal {{Liquid Theory}} of the {{Pseudo-Gap Phase}} of {{High-Tc Superconductors}}},
  author = {Balents, Leon and Fisher, Matthew P. A. and Nayak, Chetan},
  date = {1998-04-20},
  journaltitle = {Int. J. Mod. Phys. B},
  volume = {12},
  number = {10},
  pages = {1033--1068},
  publisher = {{World Scientific Publishing Co.}},
  issn = {0217-9792},
  doi = {10.1142/S0217979298000570}
}

@article{balentsSpinLiquidsFrustrated2010,
  title = {Spin Liquids in Frustrated Magnets},
  author = {Balents, Leon},
  date = {2010-03},
  journaltitle = {Nature},
  volume = {464},
  number = {7286},
  pages = {199--208},
  publisher = {{Nature Publishing Group}},
  issn = {1476-4687},
  doi = {10.1038/nature08917},
  issue = {7286},
  langid = {english}
}

@article{balleriniInteractionRulingAnimal2008,
  title = {Interaction Ruling Animal Collective Behavior Depends on Topological Rather than Metric Distance: {{Evidence}} from a Field Study},
  shorttitle = {Interaction Ruling Animal Collective Behavior Depends on Topological Rather than Metric Distance},
  author = {Ballerini, M. and Cabibbo, N. and Candelier, R. and Cavagna, A. and Cisbani, E. and Giardina, I. and Lecomte, V. and Orlandi, A. and Parisi, G. and Procaccini, A. and Viale, M. and Zdravkovic, V.},
  date = {2008-01-29},
  journaltitle = {Proceedings of the National Academy of Sciences},
  volume = {105},
  number = {4},
  pages = {1232--1237},
  publisher = {{Proceedings of the National Academy of Sciences}},
  doi = {10.1073/pnas.0711437105}
}

@article{banerjeeProximateKitaevQuantum2016,
  title = {Proximate {{Kitaev Quantum Spin Liquid Behaviour}} in \{\textbackslash alpha\}-{{RuCl}}\$\_3\$},
  author = {Banerjee, A. and Bridges, C. A. and Yan, J.-Q. and Aczel, A. A. and Li, L. and Stone, M. B. and Granroth, G. E. and Lumsden, M. D. and Yiu, Y. and Knolle, J. and Kovrizhin, D. L. and Bhattacharjee, S. and Moessner, R. and Tennant, D. A. and Mandrus, D. G. and Nagler, S. E.},
  date = {2016-07},
  journaltitle = {Nature Mater},
  volume = {15},
  number = {7},
  eprint = {1504.08037},
  eprinttype = {arxiv},
  primaryclass = {cond-mat},
  pages = {733--740},
  issn = {1476-1122, 1476-4660},
  doi = {10.1038/nmat4604},
  archiveprefix = {arXiv}
}

@article{barberQuickhullAlgorithmConvex1996,
  title = {The Quickhull Algorithm for Convex Hulls},
  author = {Barber, C. Bradford and Dobkin, David P. and Huhdanpaa, Hannu},
  date = {1996-12-01},
  journaltitle = {ACM Trans. Math. Softw.},
  volume = {22},
  number = {4},
  pages = {469--483},
  issn = {0098-3500},
  doi = {10.1145/235815.235821}
}

@article{Baskaran2007,
  title = {Exact Results for Spin Dynamics and Fractionalization in the Kitaev Model},
  author = {Baskaran, G. and Mandal, Saptarshi and Shankar, R.},
  date = {2007-06},
  journaltitle = {Phys. Rev. Lett.},
  volume = {98},
  number = {24},
  pages = {247201},
  publisher = {{American Physical Society}},
  doi = {10.1103/PhysRevLett.98.247201},
  owner = {willian},
  pagetotal = {4},
  timestamp = {2018.02.26}
}

@article{Baskaran2008,
  title = {Spin- {{S Kitaev}} Model: {{Classical}} Ground States, Order from Disorder, and Exact Correlation Functions},
  shorttitle = {Spin- {{S Kitaev}} Model},
  author = {Baskaran, G. and Sen, Diptiman and Shankar, R.},
  date = {2008-09-22},
  journaltitle = {Phys. Rev. B},
  volume = {78},
  number = {11},
  pages = {115116},
  publisher = {{American Physical Society}},
  issn = {1098-0121, 1550-235X},
  doi = {10.1103/PhysRevB.78.115116},
  langid = {english},
  pagetotal = {8}
}

@article{baskoMetalInsulatorTransition2006,
  title = {Metal\textendash Insulator Transition in a Weakly Interacting Many-Electron System with Localized Single-Particle States},
  author = {Basko, D. M. and Aleiner, I. L. and Altshuler, B. L.},
  date = {2006-05-01},
  journaltitle = {Annals of Physics},
  volume = {321},
  number = {5},
  pages = {1126--1205},
  issn = {0003-4916},
  doi = {10.1016/j.aop.2005.11.014},
  langid = {english}
}

@article{bednorzPossibleHighTcSuperconductivity1986,
  title = {Possible {{highTc}} Superconductivity in the {{Ba}}-{{La}}-{{Cu}}-{{O}} System},
  author = {Bednorz, J. G. and M\"uller, K. A.},
  date = {1986-06-01},
  journaltitle = {Z. Physik B - Condensed Matter},
  volume = {64},
  number = {2},
  pages = {189--193},
  issn = {1431-584X},
  doi = {10.1007/BF01303701},
  langid = {english}
}

@article{Beenakker2013,
  title = {Search for Majorana Fermions in Superconductors},
  author = {Beenakker, C.W.J.},
  date = {2013},
  journaltitle = {Annual Review of Condensed Matter Physics},
  volume = {4},
  number = {1},
  eprint = {https://doi.org/10.1146/annurev-conmatphys-030212-184337},
  pages = {113--136},
  doi = {10.1146/annurev-conmatphys-030212-184337}
}

@article{behrensTuningTemperedTransitions2012,
  title = {Tuning Tempered Transitions},
  author = {Behrens, Gundula and Friel, Nial and Hurn, Merrilee},
  date = {2012-01-01},
  journaltitle = {Stat Comput},
  volume = {22},
  number = {1},
  pages = {65--78},
  issn = {1573-1375},
  doi = {10.1007/s11222-010-9206-z},
  langid = {english}
}

@article{belitzAndersonMottTransition1994,
  title = {The {{Anderson-Mott}} Transition},
  author = {Belitz, D. and Kirkpatrick, T. R.},
  date = {1994-04-01},
  journaltitle = {Rev. Mod. Phys.},
  volume = {66},
  number = {2},
  pages = {261--380},
  publisher = {{American Physical Society}},
  doi = {10.1103/RevModPhys.66.261}
}

@article{bendingLocalMagneticProbes1999,
  title = {Local Magnetic Probes of Superconductors},
  author = {BENDING, Simon J.},
  date = {1999-07-01},
  journaltitle = {Advances in Physics},
  volume = {48},
  number = {4},
  pages = {449--535},
  issn = {0001-8732},
  doi = {10.1080/000187399243437}
}

@article{bennett2014amorphous,
  title = {Amorphous Metal\textendash Organic Frameworks},
  author = {Bennett, Thomas D and Cheetham, Anthony K},
  date = {2014},
  journaltitle = {Accounts of chemical research},
  volume = {47},
  number = {5},
  pages = {1555--1562},
  publisher = {{ACS Publications}}
}

@article{bennettAmorphousMetalOrganic2014,
  title = {Amorphous {{Metal}}\textendash{{Organic Frameworks}}},
  author = {Bennett, Thomas D. and Cheetham, Anthony K.},
  date = {2014-05},
  journaltitle = {Acc. Chem. Res.},
  volume = {47},
  number = {5},
  pages = {1555--1562},
  publisher = {{American Chemical Society}},
  issn = {0001-4842},
  doi = {10.1021/ar5000314}
}

@article{bergmann1976amorphous,
  title = {Amorphous Metals and Their Superconductivity},
  author = {Bergmann, Gerd},
  date = {1976},
  journaltitle = {Physics Reports},
  volume = {27},
  number = {4},
  pages = {159--185},
  publisher = {{Elsevier}}
}

@article{berryQuantalPhaseFactors1984,
  title = {Quantal Phase Factors Accompanying Adiabatic Changes},
  author = {Berry, Michael Victor},
  date = {1984-03-08},
  journaltitle = {Proceedings of the Royal Society of London. A. Mathematical and Physical Sciences},
  volume = {392},
  number = {1802},
  pages = {45--57},
  publisher = {{Royal Society}},
  doi = {10.1098/rspa.1984.0023}
}

@article{betteridge1973possible,
  title = {A Possible Model of Amorphous Silicon and Germanium},
  author = {Betteridge, GP},
  date = {1973},
  journaltitle = {Journal of Physics C: Solid State Physics},
  volume = {6},
  number = {23},
  pages = {L427},
  publisher = {{IOP Publishing}}
}

@article{beveratosNonclassicalRadiationDiamond2001,
  title = {Nonclassical Radiation from Diamond Nanocrystals},
  author = {Beveratos, Alexios and Brouri, Rosa and Gacoin, Thierry and Poizat, Jean-Philippe and Grangier, Philippe},
  date = {2001-11-19},
  journaltitle = {Phys. Rev. A},
  volume = {64},
  number = {6},
  pages = {061802},
  doi = {10.1103/PhysRevA.64.061802}
}

@article{bianco_mapping_2011,
  title = {Mapping Topological Order in Coordinate Space},
  author = {Bianco, R. and Resta, R.},
  date = {2011-12},
  journaltitle = {Physical Review B},
  volume = {84},
  number = {24},
  pages = {241106},
  doi = {10.1103/PhysRevB.84.241106}
}

@article{binderFiniteSizeScaling1981,
  title = {Finite Size Scaling Analysis of Ising Model Block Distribution Functions},
  author = {Binder, K.},
  date = {1981-06-01},
  journaltitle = {Z. Physik B - Condensed Matter},
  volume = {43},
  number = {2},
  pages = {119--140},
  issn = {1431-584X},
  doi = {10.1007/BF01293604},
  langid = {english}
}

@incollection{binderGuidePracticalWork1988,
  title = {Guide to {{Practical Work}} with the {{Monte Carlo Method}}},
  booktitle = {Monte {{Carlo Simulation}} in {{Statistical Physics}}: {{An Introduction}}},
  author = {Binder, Kurt and Heermann, Dieter W.},
  editor = {Binder, Kurt and Heermann, Dieter W.},
  date = {1988},
  series = {Springer {{Series}} in {{Solid-State Sciences}}},
  pages = {68--112},
  publisher = {{Springer Berlin Heidelberg}},
  location = {{Berlin, Heidelberg}},
  doi = {10.1007/978-3-662-08854-8_3},
  isbn = {978-3-662-08854-8},
  langid = {english}
}

@article{biswasOffDiagonalDisorderAnderson2000,
  title = {Off-{{Diagonal Disorder}} in the {{Anderson Model}} of {{Localization}}},
  author = {Biswas, P. and Cain, P. and R\"omer, R. A. and Schreiber, M.},
  date = {2000},
  journaltitle = {physica status solidi (b)},
  volume = {218},
  number = {1},
  pages = {205--209},
  issn = {1521-3951},
  doi = {10.1002/(SICI)1521-3951(200003)218:1<205::AID-PSSB205>3.0.CO;2-B},
  langid = {english}
}

@book{BlaizotRipka1986,
  title = {Quantum Theory of Finite Systems},
  author = {Blaizot, Jean-Paul and Ripka, Geores},
  date = {1986},
  publisher = {{The MIT Press}}
}

@article{blochÜberQuantenmechanikElektronen1929,
  title = {\"Uber die Quantenmechanik der Elektronen in Kristallgittern},
  author = {Bloch, Felix},
  date = {1929-07-01},
  journaltitle = {Z. Physik},
  volume = {52},
  number = {7},
  pages = {555--600},
  issn = {0044-3328},
  doi = {10.1007/BF01339455},
  langid = {ngerman}
}

@book{BMCP2021,
  title = {Bayesian Modeling and Computation in Python},
  author = {Martin, Osvaldo A. and Kumar, Ravin and Lao, Junpeng},
  date = {2021-12},
  location = {{Boca Raton}},
  isbn = {978-0-367-89436-8}
}

@article{bocquet_disordered_2000,
  title = {Disordered 2d Quasiparticles in Class {{D}}: {{Dirac}} Fermions with Random Mass, and Dirty Superconductors},
  author = {Bocquet, M. and Serban, D. and Zirnbauer, M. R.},
  date = {2000},
  journaltitle = {Nuclear Physics B},
  volume = {578},
  number = {3},
  pages = {628--680},
  issn = {0550-3213},
  doi = {10.1016/S0550-3213(00)00208-X}
}

@article{boerSemiconductorsPartiallyCompletely1937,
  title = {Semi-Conductors with Partially and with Completely Filled 3d-Lattice Bands},
  author = {family=Boer, given=J. H., prefix=de, useprefix=false and Verwey, E. J. W.},
  date = {1937-08},
  journaltitle = {Proc. Phys. Soc.},
  volume = {49},
  pages = {59--71},
  publisher = {{IOP Publishing}},
  issn = {0959-5309},
  doi = {10.1088/0959-5309/49/4S/307},
  issue = {4S},
  langid = {english}
}

@book{bolchQueueingNetworksMarkov2006,
  title = {Queueing {{Networks}} and {{Markov Chains}}: {{Modeling}} and {{Performance Evaluation}} with {{Computer Science Applications}}},
  shorttitle = {Queueing {{Networks}} and {{Markov Chains}}},
  author = {Bolch, Gunter and Greiner, Stefan and family=Meer, given=Hermann, prefix=de, useprefix=false and Trivedi, Kishor S.},
  date = {2006-05-05},
  eprint = {8Mei8w6YUHYC},
  eprinttype = {googlebooks},
  publisher = {{John Wiley \& Sons}},
  isbn = {978-0-471-79156-0},
  langid = {english},
  pagetotal = {896}
}

@article{bolukbasiRigorousCalculationsNonAbelian2012,
  title = {Rigorous Calculations of Non-{{Abelian}} Statistics in the {{Kitaev}} Honeycomb Model},
  author = {Bolukbasi, A. T. and Vala, J.},
  date = {2012},
  doi = {10.1088/1367-2630/14/4/045007}
}

@article{brandtThermodynamicsCorrelationFunctions1989,
  title = {Thermodynamics and Correlation Functions of the {{Falicov-Kimball}} Model in Large Dimensions},
  author = {Brandt, U. and Mielsch, C.},
  date = {1989-09-01},
  journaltitle = {Z. Physik B - Condensed Matter},
  volume = {75},
  number = {3},
  pages = {365--370},
  issn = {1431-584X},
  doi = {10.1007/BF01321824},
  langid = {english}
}

@article{brenesManyBodyLocalizationDynamics2018,
  title = {Many-{{Body Localization Dynamics}} from {{Gauge Invariance}}},
  author = {Brenes, Marlon and Dalmonte, Marcello and Heyl, Markus and Scardicchio, Antonello},
  date = {2018-01-19},
  journaltitle = {Phys. Rev. Lett.},
  volume = {120},
  number = {3},
  pages = {030601},
  publisher = {{American Physical Society}},
  doi = {10.1103/PhysRevLett.120.030601}
}

@article{brennanKitaevHoneycombModel2018,
  title = {The {{Kitaev}} Honeycomb Model on Surfaces of Genus {\emph{g}} {$\geq$} 2},
  author = {Brennan, John and Vala, Ji\v{r}\'i},
  date = {2018-05-09},
  journaltitle = {New J. Phys.},
  volume = {20},
  number = {5},
  pages = {053023},
  issn = {1367-2630},
  doi = {10.1088/1367-2630/aabb95},
  langid = {english}
}

@online{brennanLatticeDefectsKitaev2016,
  type = {research-article},
  title = {Lattice {{Defects}} in the {{Kitaev Honeycomb Model}}},
  author = {Brennan, John and Vala, Ji\v{r}\'i},
  date = {2016-02-29},
  publisher = {{American Chemical Society}},
  doi = {10.1021/acs.jpca.6b00149},
  langid = {english},
  organization = {{ACS Publications}}
}

@article{broholmQuantumSpinLiquids2020,
  title = {Quantum Spin Liquids},
  author = {Broholm, C. and Cava, R. J. and Kivelson, S. A. and Nocera, D. G. and Norman, M. R. and Senthil, T.},
  date = {2020-01-17},
  journaltitle = {Science},
  volume = {367},
  number = {6475},
  pages = {eaay0668},
  publisher = {{American Association for the Advancement of Science}},
  doi = {10.1126/science.aay0668}
}

@article{Bruin2022,
  title = {Majorana Quantization and Half-Integer Thermal Quantum {{Hall}} Effect in a {{Kitaev}} Spin Liquid},
  author = {Bruin, J.A.N. and Claus, R.R. and Matsumoto, Y. and Kurita, N. and Tanaka, H. and Takagi, H.},
  date = {2022-02},
  journaltitle = {Nature Physics},
  volume = {18},
  pages = {401--405},
  doi = {10.1038/s41567-021-01501-y},
  pagetotal = {5}
}

@article{bruinRobustnessThermalHall2022,
  title = {Robustness of the Thermal {{Hall}} Effect Close to Half-Quantization in {$\alpha$}-{{RuCl3}}},
  author = {Bruin, J. a. N. and Claus, R. R. and Matsumoto, Y. and Kurita, N. and Tanaka, H. and Takagi, H.},
  date = {2022-04},
  journaltitle = {Nat. Phys.},
  volume = {18},
  number = {4},
  pages = {401--405},
  publisher = {{Nature Publishing Group}},
  issn = {1745-2481},
  doi = {10.1038/s41567-021-01501-y},
  issue = {4},
  langid = {english}
}

@article{buckel1954einfluss,
  title = {Einflu\ss{} Der Kondensation Bei Tiefen Temperaturen Auf Den Elektrischen Widerstand Und Die Supraleitung F\"ur Verschiedene Metalle},
  author = {Buckel, W and Hilsch, R},
  date = {1954},
  journaltitle = {Zeitschrift f\"ur Physik},
  volume = {138},
  number = {2},
  pages = {109--120},
  publisher = {{Springer}}
}

@article{caraccioloGeneralLimitationMonte1994,
  title = {A General Limitation on {{Monte Carlo}} Algorithms of the {{Metropolis}} Type},
  author = {Caracciolo, Sergio and Pelissetto, Andrea and Sokal, Alan D.},
  date = {1994-01-10},
  journaltitle = {Phys. Rev. Lett.},
  volume = {72},
  number = {2},
  pages = {179--182},
  doi = {10.1103/PhysRevLett.72.179}
}

@misc{cassellaExactChiralAmorphous2022,
  title = {An Exact Chiral Amorphous Spin Liquid},
  author = {Cassella, Gino and D'Ornellas, Peru and Hodson, Thomas and Natori, Willian M. H. and Knolle, Johannes},
  date = {2022-08-17},
  number = {arXiv:2208.08246},
  eprint = {2208.08246},
  eprinttype = {arxiv},
  primaryclass = {cond-mat},
  publisher = {{arXiv}},
  doi = {10.48550/arXiv.2208.08246},
  archiveprefix = {arXiv}
}

@article{chahoudLocalizationTheoryOnedimensional1975,
  title = {Localization Theory in a One-Dimensional Disordered Lattice},
  author = {Chahoud, J. and Ferrari, L. and Russo, G.},
  date = {1975-01-01},
  journaltitle = {Nuov Cim B},
  volume = {25},
  number = {1},
  pages = {1--12},
  issn = {1826-9877},
  doi = {10.1007/BF02737660},
  langid = {english}
}

@article{Chalker_thermal_2001,
  title = {Thermal Metal in Network Models of a Disordered Two-Dimensional Superconductor},
  author = {Chalker, J. T. and Read, N. and Kagalovsky, V. and Horovitz, B. and Avishai, Y. and Ludwig, A. W. W.},
  date = {2001-12},
  journaltitle = {Phys. Rev. B},
  volume = {65},
  number = {1},
  pages = {012506},
  publisher = {{American Physical Society}},
  doi = {10.1103/PhysRevB.65.012506},
  pagetotal = {4}
}

@article{Chaloupka2010,
  title = {Kitaev-{{Heisenberg}} Model on a Honeycomb Lattice: Possible Exotic Phases in Iridium Oxides {{A}}{$_{2}$}{{IrO}}{$_{3}$}},
  author = {Chaloupka, J. and Jackeli, G. and Khaliullin, G.},
  date = {2010},
  journaltitle = {Phys. Rev. Lett.},
  volume = {105},
  number = {2},
  pages = {027204},
  owner = {willian},
  timestamp = {2015.02.11}
}

@article{Chaloupka2013,
  title = {Zigzag Magnetic Order in the Iridium Oxide {{Na}}{$_{2}$}{{IrO}}{$_{3}$}},
  author = {Chaloupka, J. and Jackeli, George and Khaliullin, Giniyat},
  date = {2013-02},
  journaltitle = {Phys. Rev. Lett.},
  volume = {110},
  number = {9},
  pages = {097204},
  publisher = {{American Physical Society}},
  doi = {10.1103/PhysRevLett.110.097204},
  pagetotal = {5}
}

@article{Chaloupka2015,
  title = {Hidden Symmetries of the Extended {{Kitaev-Heisenberg}} Model: {{Implications}} for Honeycomb Lattice Iridates {{A}}{$_{2}$}{{IrO}}{$_{3}$}},
  author = {Chaloupka, J. and Khaliullin, Giniyat},
  date = {2015},
  journaltitle = {Phys. Rev. B},
  volume = {92},
  number = {2},
  pages = {024413},
  owner = {willian},
  timestamp = {2015.04.22}
}

@article{chaloupkaKitaevHeisenbergModelHoneycomb2010,
  title = {Kitaev-{{Heisenberg Model}} on a {{Honeycomb Lattice}}: {{Possible Exotic Phases}} in {{Iridium Oxides}} \$\{\vphantom\}{{A}}\vphantom\{\}\_\{2\}\{\textbackslash mathrm\{\vphantom{\}\}}{{IrO}}\vphantom\{\}\vphantom\{\}\_\{3\}\$},
  shorttitle = {Kitaev-{{Heisenberg Model}} on a {{Honeycomb Lattice}}},
  author = {Chaloupka, Ji\v{r}\'i and Jackeli, George and Khaliullin, Giniyat},
  date = {2010-07-09},
  journaltitle = {Phys. Rev. Lett.},
  volume = {105},
  number = {2},
  pages = {027204},
  publisher = {{American Physical Society}},
  doi = {10.1103/PhysRevLett.105.027204}
}

@article{chernobrodSpinMicroscopeBased2004,
  title = {Spin Microscope Based on Optically Detected Magnetic Resonance},
  author = {Chernobrod, Boris M. and Berman, Gennady P.},
  date = {2004-12-10},
  journaltitle = {Journal of Applied Physics},
  volume = {97},
  number = {1},
  pages = {014903},
  issn = {0021-8979},
  doi = {10.1063/1.1829373}
}

@article{choiExploringManybodyLocalization2016,
  title = {Exploring the Many-Body Localization Transition in Two Dimensions},
  author = {Choi, Jae-yoon and Hild, Sebastian and Zeiher, Johannes and Schau\ss, Peter and Rubio-Abadal, Antonio and Yefsah, Tarik and Khemani, Vedika and Huse, David A. and Bloch, Immanuel and Gross, Christian},
  date = {2016-06-24},
  journaltitle = {Science},
  volume = {352},
  number = {6293},
  eprint = {27339981},
  eprinttype = {pmid},
  pages = {1547--1552},
  issn = {0036-8075, 1095-9203},
  doi = {10.1126/science.aaf8834},
  langid = {english}
}

@article{Chua2011,
  title = {Exact Chiral Spin Liquid with Stable Spin {{Fermi}} Surface on the Kagome Lattice},
  author = {Chua, Victor and Yao, Hong and Fiete, Gregory A.},
  date = {2011-05},
  journaltitle = {Phys. Rev. B},
  volume = {83},
  number = {18},
  pages = {180412},
  publisher = {{American Physical Society}},
  doi = {10.1103/PhysRevB.83.180412},
  pagetotal = {4}
}

@article{ChuaPRB2011,
  title = {Exactly Solvable Topological Chiral Spin Liquid with Random Exchange},
  author = {Chua, Victor and Fiete, Gregory A.},
  date = {2011-11},
  journaltitle = {Phys. Rev. B},
  volume = {84},
  number = {19},
  pages = {195129},
  publisher = {{American Physical Society}},
  doi = {10.1103/PhysRevB.84.195129},
  pagetotal = {6}
}

@article{Chulliparambil2020,
  title = {Microscopic Models for {{Kitaev}}'s Sixteenfold Way of Anyon Theories},
  author = {Chulliparambil, Sreejith and Seifert, Urban F. P. and Vojta, Matthias and Janssen, Lukas and Tu, Hong-Hao},
  date = {2020-11},
  journaltitle = {Phys. Rev. B},
  volume = {102},
  number = {20},
  pages = {201111},
  publisher = {{American Physical Society}},
  doi = {10.1103/PhysRevB.102.201111},
  pagetotal = {5}
}

@article{Chulliparambil2021,
  title = {Flux Crystals, {{Majorana}} Metals, and Flat Bands in Exactly Solvable Spin-Orbital Liquids},
  author = {Chulliparambil, Sreejith and Janssen, Lukas and Vojta, Matthias and Tu, Hong-Hao and Seifert, Urban F. P.},
  date = {2021-02},
  journaltitle = {Phys. Rev. B},
  volume = {103},
  number = {7},
  pages = {075144},
  publisher = {{American Physical Society}},
  doi = {10.1103/PhysRevB.103.075144},
  pagetotal = {18}
}

@article{Chung_Topological_quantum2010,
  title = {Topological Quantum Phase Transition in an Exactly Solvable Model of a Chiral Spin Liquid at Finite Temperature},
  author = {Chung, Suk Bum and Yao, Hong and Hughes, Taylor L. and Kim, Eun-Ah},
  date = {2010-02-04},
  journaltitle = {Phys. Rev. B},
  volume = {81},
  number = {6},
  pages = {060403},
  publisher = {{American Physical Society}},
  doi = {10.1103/PhysRevB.81.060403},
  pagetotal = {4}
}

@article{chungExplicitMonodromyMoore2007,
  title = {Explicit Monodromy of {{Moore}}\textendash{{Read}} Wavefunctions on a Torus},
  author = {Chung, Suk Bum and Stone, Michael},
  date = {2007-04},
  journaltitle = {J. Phys. A: Math. Theor.},
  volume = {40},
  number = {19},
  pages = {4923--4947},
  publisher = {{IOP Publishing}},
  issn = {1751-8121},
  doi = {10.1088/1751-8113/40/19/001},
  langid = {english}
}

@article{coey1978amorphous,
  title = {Amorphous Magnetic Order},
  author = {Coey, JMD},
  date = {1978},
  journaltitle = {Journal of Applied Physics},
  volume = {49},
  number = {3},
  pages = {1646--1652},
  publisher = {{American Institute of Physics}}
}

@article{coleNewLinearTimeAlgorithms2008,
  title = {New {{Linear-Time Algorithms}} for {{Edge-Coloring Planar Graphs}}},
  author = {Cole, Richard and Kowalik, \L ukasz},
  date = {2008-03-01},
  journaltitle = {Algorithmica},
  volume = {50},
  number = {3},
  pages = {351--368},
  issn = {1432-0541},
  doi = {10.1007/s00453-007-9044-3},
  langid = {english}
}

@inproceedings{cookComplexityTheoremprovingProcedures1971,
  title = {The Complexity of Theorem-Proving Procedures},
  booktitle = {Proceedings of the Third Annual {{ACM}} Symposium on {{Theory}} of Computing},
  author = {Cook, Stephen A.},
  date = {1971-05-03},
  series = {{{STOC}} '71},
  pages = {151--158},
  publisher = {{Association for Computing Machinery}},
  location = {{New York, NY, USA}},
  doi = {10.1145/800157.805047},
  isbn = {978-1-4503-7464-4}
}

@unpublished{corbae2019evidence,
  title = {Evidence for Topological Surface States in Amorphous {{Bi}}  \_ \{2\}  {{Se}}  \_ \{3\}},
  author = {Corbae, Paul and Ciocys, Samuel and Varjas, Daniel and Kennedy, Ellis and Zeltmann, Steven and Molina-Ruiz, Manel and Griffin, Sinead and Jozwiak, Chris and Chen, Zhanghui and Wang, Lin-Wang and others},
  date = {2019},
  eprint = {1910.13412},
  eprinttype = {arxiv},
  archiveprefix = {arXiv}
}

@online{CoronaTestDate,
  title = {Corona Test Date: {{Munich Deutsches Museum}} - {{Corona}} Test / Test Center {{Munich}}},
  url = {https://www.corona-teststelle.de/standorte/muenchen-deutsches-museum},
  urldate = {2021-07-26}
}

@article{costa2019toward,
  title = {Toward Realistic Amorphous Topological Insulators},
  author = {Costa, Marcio and Schleder, Gabriel R and Buongiorno Nardelli, Marco and Lewenkopf, Caio and Fazzio, Adalberto},
  date = {2019},
  journaltitle = {Nano letters},
  volume = {19},
  number = {12},
  pages = {8941--8946},
  publisher = {{ACS Publications}}
}

@article{croyAndersonLocalization1D2011,
  title = {Anderson Localization in {{1D}} Systems with Correlated Disorder},
  author = {Croy, A. and Cain, P. and Schreiber, M.},
  date = {2011-07-06},
  journaltitle = {Eur. Phys. J. B},
  volume = {82},
  number = {2},
  pages = {107},
  issn = {1434-6036},
  doi = {10.1140/epjb/e2011-20212-1},
  langid = {english}
}

@article{dalessioQuantumChaosEigenstate2016,
  title = {From {{Quantum Chaos}} and {{Eigenstate Thermalization}} to {{Statistical Mechanics}} and {{Thermodynamics}}},
  author = {D'Alessio, Luca and Kafri, Yariv and Polkovnikov, Anatoli and Rigol, Marcos},
  date = {2016-05-03},
  journaltitle = {Advances in Physics},
  volume = {65},
  number = {3},
  eprint = {1509.06411},
  eprinttype = {arxiv},
  pages = {239--362},
  issn = {0001-8732, 1460-6976},
  doi = {10.1080/00018732.2016.1198134},
  archiveprefix = {arXiv}
}

@article{dassarmaLocalizationMobilityEdges1990,
  title = {Localization, Mobility Edges, and Metal-Insulator Transition in a Class of One-Dimensional Slowly Varying Deterministic Potentials},
  author = {Das Sarma, S. and He, Song and Xie, X. C.},
  date = {1990-03-15},
  journaltitle = {Phys. Rev. B},
  volume = {41},
  number = {9},
  pages = {5544--5565},
  publisher = {{American Physical Society}},
  doi = {10.1103/PhysRevB.41.5544}
}

@article{dȩbskiPossibilityDetectionFinite2016,
  title = {The Possibility of Detection of Finite Temperature Stripe Ordering in {{2D}} Spinless {{Falicov}}\textendash{{Kimball}} Model},
  author = {D\c{e}bski, Lech},
  date = {2016-03-03},
  journaltitle = {Phase Transitions},
  volume = {89},
  number = {3},
  pages = {249--260},
  issn = {0141-1594},
  doi = {10.1080/01411594.2015.1080257}
}

@article{degenQuantumSensing2017,
  title = {Quantum Sensing},
  author = {Degen, C. L. and Reinhard, F. and Cappellaro, P.},
  date = {2017-07-25},
  journaltitle = {Rev. Mod. Phys.},
  volume = {89},
  number = {3},
  pages = {035002},
  doi = {10.1103/RevModPhys.89.035002}
}

@article{devriesGapsDensitiesStates1993,
  title = {Gaps in Densities of States of Two {{Hubbard-like}} Models},
  author = {family=Vries, given=Pedro, prefix=de, useprefix=true and Michielsen, Kristel and De Raedt, Hans},
  date = {1993-04-19},
  journaltitle = {Phys. Rev. Lett.},
  volume = {70},
  number = {16},
  pages = {2463--2466},
  publisher = {{American Physical Society}},
  doi = {10.1103/PhysRevLett.70.2463}
}

@article{devriesSimplifiedHubbardModel1993,
  title = {The Simplified {{Hubbard}} Model in One and Two Dimensions},
  author = {family=Vries, given=Pedro, prefix=de, useprefix=true and Michielsen, Kristel and De Raedt, Hans},
  date = {1993-09-01},
  journaltitle = {Z. Physik B - Condensed Matter},
  volume = {92},
  number = {3},
  pages = {353--362},
  issn = {1431-584X},
  doi = {10.1007/BF01308754},
  langid = {english}
}

@incollection{devroyeRandomSampling1986,
  title = {Random {{Sampling}}},
  booktitle = {Non-{{Uniform Random Variate Generation}}},
  author = {Devroye, Luc},
  editor = {Devroye, Luc},
  date = {1986},
  pages = {611--641},
  publisher = {{Springer}},
  location = {{New York, NY}},
  doi = {10.1007/978-1-4613-8643-8_12},
  isbn = {978-1-4613-8643-8},
  langid = {english}
}

@article{dohertyNitrogenvacancyColourCentre2013,
  title = {The Nitrogen-Vacancy Colour Centre in Diamond},
  author = {Doherty, Marcus W. and Manson, Neil B. and Delaney, Paul and Jelezko, Fedor and Wrachtrup, J\"org and Hollenberg, Lloyd C. L.},
  date = {2013-07-01},
  journaltitle = {Physics Reports},
  series = {The Nitrogen-Vacancy Colour Centre in Diamond},
  volume = {528},
  number = {1},
  pages = {1--45},
  issn = {0370-1573},
  doi = {10.1016/j.physrep.2013.02.001}
}

@article{dohertyTheoryGroundstateSpin2012,
  title = {Theory of the Ground-State Spin of the {{NV}}\$\{\}\^\{\textbackslash ensuremath\{-\}\}\$ Center in Diamond},
  author = {Doherty, M. W. and Dolde, F. and Fedder, H. and Jelezko, F. and Wrachtrup, J. and Manson, N. B. and Hollenberg, L. C. L.},
  date = {2012-05-03},
  journaltitle = {Phys. Rev. B},
  volume = {85},
  number = {20},
  pages = {205203},
  doi = {10.1103/PhysRevB.85.205203}
}

@article{doi:10.1146/annurev-conmatphys-033117-053934,
  title = {Physics of the Kitaev Model: {{Fractionalization}}, Dynamic Correlations, and Material Connections},
  author = {Hermanns, M. and Kimchi, I. and Knolle, J.},
  date = {2018},
  journaltitle = {Annual Review of Condensed Matter Physics},
  volume = {9},
  number = {1},
  eprint = {https://doi.org/10.1146/annurev-conmatphys-033117-053934},
  pages = {17--33},
  doi = {10.1146/annurev-conmatphys-033117-053934}
}

@article{dolanCompleteDeterminationOrientation2014,
  title = {Complete Determination of the Orientation of {{NV}} Centers with Radially Polarized Beams},
  author = {Dolan, Philip R. and Li, Xiangping and Storteboom, Jelle and Gu, Min},
  date = {2014-02-24},
  journaltitle = {Opt Express},
  volume = {22},
  number = {4},
  eprint = {24663761},
  eprinttype = {pmid},
  pages = {4379--4387},
  issn = {1094-4087},
  langid = {english}
}

@article{dreauAvoidingPowerBroadening2011,
  title = {Avoiding Power Broadening in Optically Detected Magnetic Resonance of Single {{NV}} Defects for Enhanced Dc Magnetic Field Sensitivity},
  author = {Dr\'eau, A. and Lesik, M. and Rondin, L. and Spinicelli, P. and Arcizet, O. and Roch, J.-F. and Jacques, V.},
  date = {2011-11-23},
  journaltitle = {Phys. Rev. B},
  volume = {84},
  number = {19},
  pages = {195204},
  doi = {10.1103/PhysRevB.84.195204}
}

@article{dunlapAbsenceLocalizationRandomdimer1990,
  title = {Absence of Localization in a Random-Dimer Model},
  author = {Dunlap, David H. and Wu, H-L. and Phillips, Philip W.},
  date = {1990-07-02},
  journaltitle = {Phys. Rev. Lett.},
  volume = {65},
  number = {1},
  pages = {88--91},
  publisher = {{American Physical Society}},
  doi = {10.1103/PhysRevLett.65.88}
}

@article{dysonExistencePhasetransitionOnedimensional1969,
  title = {Existence of a Phase-Transition in a One-Dimensional {{Ising}} Ferromagnet},
  author = {Dyson, Freeman J.},
  date = {1969-06-01},
  journaltitle = {Commun.Math. Phys.},
  volume = {12},
  number = {2},
  pages = {91--107},
  issn = {1432-0916},
  doi = {10.1007/BF01645907},
  langid = {english}
}

@article{dysonIsingFerromagnetDiscontinuous1971,
  title = {An {{Ising}} Ferromagnet with Discontinuous Long-Range Order},
  author = {Dyson, Freeman J.},
  date = {1971-12-01},
  journaltitle = {Commun.Math. Phys.},
  volume = {21},
  number = {4},
  pages = {269--283},
  issn = {1432-0916},
  doi = {10.1007/BF01645749},
  langid = {english}
}

@article{ehrenbergRefractiveIndexElectron1949,
  title = {The {{Refractive Index}} in {{Electron Optics}} and the {{Principles}} of {{Dynamics}}},
  author = {Ehrenberg, W. and Siday, R. E.},
  date = {1949-01},
  journaltitle = {Proc. Phys. Soc. B},
  volume = {62},
  number = {1},
  pages = {8--21},
  publisher = {{IOP Publishing}},
  issn = {0370-1301},
  doi = {10.1088/0370-1301/62/1/303},
  langid = {english}
}

@article{eschmann2019thermodynamics,
  title = {Thermodynamics of a Gauge-Frustrated {{Kitaev}} Spin Liquid},
  author = {Eschmann, T and Mishchenko, P. A. and Bojesen, T. A. and Kato, Y and Hermanns, Maria and Motome, Y and Trebst, S},
  date = {2019},
  journaltitle = {Physical Review Research},
  volume = {1},
  number = {3},
  pages = {032011(R)},
  publisher = {{APS}}
}

@article{eschmannPartialFluxOrdering2020,
  title = {Partial Flux Ordering and Thermal {{Majorana}} Metals in Higher-Order Spin Liquids},
  author = {Eschmann, Tim and Dwivedi, Vatsal and Legg, Henry F. and Hickey, Ciar\'an and Trebst, Simon},
  date = {2020-10-29},
  journaltitle = {Phys. Rev. Research},
  volume = {2},
  number = {4},
  pages = {043159},
  publisher = {{American Physical Society}},
  doi = {10.1103/PhysRevResearch.2.043159}
}

@article{eschmannThermodynamicClassificationThreedimensional2020,
  title = {Thermodynamic Classification of Three-Dimensional {{Kitaev}} Spin Liquids},
  author = {Eschmann, Tim and Mishchenko, Petr A. and O'Brien, Kevin and Bojesen, Troels A. and Kato, Yasuyuki and Hermanns, Maria and Motome, Yukitoshi and Trebst, Simon},
  date = {2020-08-18},
  journaltitle = {Phys. Rev. B},
  volume = {102},
  number = {7},
  pages = {075125},
  publisher = {{American Physical Society}},
  doi = {10.1103/PhysRevB.102.075125}
}

@article{esslerQuenchDynamicsRelaxation2016,
  title = {Quench Dynamics and Relaxation in Isolated Integrable Quantum Spin Chains},
  author = {Essler, Fabian H. L. and Fagotti, Maurizio},
  date = {2016-06},
  journaltitle = {J. Stat. Mech.},
  volume = {2016},
  number = {6},
  pages = {064002},
  issn = {1742-5468},
  doi = {10.1088/1742-5468/2016/06/064002},
  langid = {english}
}

@article{esslingerFermiHubbardPhysicsAtoms2010,
  title = {Fermi-{{Hubbard}} Physics with Atoms in an Optical Lattice},
  author = {Esslinger, Tilman},
  date = {2010-08-10},
  journaltitle = {Annual Review of Condensed Matter Physics},
  volume = {1},
  number = {1},
  eprint = {1007.0012},
  eprinttype = {arxiv},
  pages = {129--152},
  issn = {1947-5454, 1947-5462},
  doi = {10.1146/annurev-conmatphys-070909-104059},
  archiveprefix = {arXiv}
}

@article{eversAndersonTransitions2008,
  title = {Anderson {{Transitions}}},
  author = {Evers, Ferdinand and Mirlin, Alexander D.},
  date = {2008-10-17},
  journaltitle = {Rev. Mod. Phys.},
  volume = {80},
  number = {4},
  eprint = {0707.4378},
  eprinttype = {arxiv},
  pages = {1355--1417},
  publisher = {{American Physical Society}},
  issn = {0034-6861, 1539-0756},
  doi = {10.1103/RevModPhys.80.1355},
  archiveprefix = {arXiv}
}

@article{eversAndersonTransitions2008a,
  title = {Anderson Transitions},
  author = {Evers, Ferdinand and Mirlin, Alexander D.},
  date = {2008-10-17},
  journaltitle = {Rev. Mod. Phys.},
  volume = {80},
  number = {4},
  pages = {1355--1417},
  publisher = {{American Physical Society}},
  doi = {10.1103/RevModPhys.80.1355}
}

@article{evertzClusterAlgorithmVertex1993,
  title = {Cluster Algorithm for Vertex Models},
  author = {Evertz, Hans Gerd and Lana, Gideon and Marcu, Mihai},
  date = {1993-02-15},
  journaltitle = {Phys. Rev. Lett.},
  volume = {70},
  number = {7},
  pages = {875--879},
  doi = {10.1103/PhysRevLett.70.875}
}

@article{fahnle1984monte,
  title = {Monte {{Carlo}} Study of Phase Transitions in Bond-and Site-Disordered {{Ising}} and Classical {{Heisenberg}} Ferromagnets},
  author = {F\"ahnle, M},
  date = {1984},
  journaltitle = {Journal of magnetism and magnetic materials},
  volume = {45},
  number = {2-3},
  pages = {279--287},
  publisher = {{Elsevier}}
}

@article{falicovSimpleModelSemiconductorMetal1969,
  title = {Simple {{Model}} for {{Semiconductor-Metal Transitions}}: {{Sm}}\$\{\textbackslash mathrm\{\vphantom{\}\}}{{B}}\vphantom\{\}\vphantom\{\}\_\{6\}\$ and {{Transition-Metal Oxides}}},
  shorttitle = {Simple {{Model}} for {{Semiconductor-Metal Transitions}}},
  author = {Falicov, L. M. and Kimball, J. C.},
  date = {1969-05-12},
  journaltitle = {Phys. Rev. Lett.},
  volume = {22},
  number = {19},
  pages = {997--999},
  doi = {10.1103/PhysRevLett.22.997}
}

@article{fanoDescriptionStatesQuantum1957,
  title = {Description of {{States}} in {{Quantum Mechanics}} by {{Density Matrix}} and {{Operator Techniques}}},
  author = {Fano, U.},
  date = {1957-01-01},
  journaltitle = {Rev. Mod. Phys.},
  volume = {29},
  number = {1},
  pages = {74--93},
  doi = {10.1103/RevModPhys.29.74}
}

@article{feldmanFractionalChargeFractional2021,
  title = {Fractional Charge and Fractional Statistics in the Quantum {{Hall}} Effects},
  author = {Feldman, D. E. and Halperin, Bertrand I.},
  date = {2021-06},
  journaltitle = {Rep. Prog. Phys.},
  volume = {84},
  number = {7},
  pages = {076501},
  publisher = {{IOP Publishing}},
  issn = {0034-4885},
  doi = {10.1088/1361-6633/ac03aa},
  langid = {english}
}

@article{Feldmeier2020,
  title = {Local Probes for Charge-Neutral Edge States in Two-Dimensional Quantum Magnets},
  author = {Feldmeier, Johannes and Natori, Willian and Knap, Michael and Knolle, Johannes},
  date = {2020-10},
  journaltitle = {Phys. Rev. B},
  volume = {102},
  number = {13},
  pages = {134423},
  publisher = {{American Physical Society}},
  doi = {10.1103/PhysRevB.102.134423},
  pagetotal = {11}
}

@article{fengTopologicalCharacterizationQuantum2007,
  title = {Topological {{Characterization}} of {{Quantum Phase Transitions}} in a {{Spin-}}\$1/2\$ {{Model}}},
  author = {Feng, Xiao-Yong and Zhang, Guang-Ming and Xiang, Tao},
  date = {2007-02-22},
  journaltitle = {Phys. Rev. Lett.},
  volume = {98},
  number = {8},
  pages = {087204},
  publisher = {{American Physical Society}},
  doi = {10.1103/PhysRevLett.98.087204}
}

@article{ferrenbergNewMonteCarlo1988,
  title = {New {{Monte Carlo}} Technique for Studying Phase Transitions},
  author = {Ferrenberg, Alan M. and Swendsen, Robert H.},
  date = {1988-12-05},
  journaltitle = {Phys. Rev. Lett.},
  volume = {61},
  number = {23},
  pages = {2635--2638},
  doi = {10.1103/PhysRevLett.61.2635}
}

@online{fertSkyrmionsTrack2013,
  type = {Comments and Opinion},
  title = {Skyrmions on the Track},
  author = {Fert, Albert and Cros, Vincent and Sampaio, Jo\~ao},
  date = {2013-03-05},
  doi = {10.1038/nnano.2013.29},
  langid = {english},
  organization = {{Nature Nanotechnology}}
}

@article{feuchtwangTunnelingScanningTunnel1987,
  title = {Tunneling and {{Scanning Tunnel Microscopy}}: A {{Critical Review}}},
  shorttitle = {Tunneling and {{Scanning Tunnel Microscopy}}},
  author = {Feuchtwang, T. E. and Cutler, P. H.},
  date = {1987},
  journaltitle = {Phys. Scr.},
  volume = {35},
  number = {2},
  pages = {132},
  issn = {1402-4896},
  doi = {10.1088/0031-8949/35/2/007},
  langid = {english}
}

@article{Fiete2012,
  title = {Topological Insulators and Quantum Spin Liquids},
  author = {Fiete, Gregory A. and Chua, Victor and Kargarian, Mehdi and Lundgren, Rex and R\"uegg, Andreas and Wen, Jun and Zyuzin, Vladimir},
  date = {2012},
  journaltitle = {Physica E: Low-dimensional Systems and Nanostructures},
  volume = {44},
  number = {5},
  pages = {845--859},
  issn = {1386-9477},
  doi = {10.1016/j.physe.2011.11.011}
}

@article{fisherCriticalExponentsLongRange1972,
  title = {Critical {{Exponents}} for {{Long-Range Interactions}}},
  author = {Fisher, Michael E. and Ma, Shang-keng and Nickel, B. G.},
  date = {1972-10-02},
  journaltitle = {Phys. Rev. Lett.},
  volume = {29},
  number = {14},
  pages = {917--920},
  doi = {10.1103/PhysRevLett.29.917}
}

@incollection{fisherMottInsulatorsSpin1999,
  title = {Mott Insulators, {{Spin}} Liquids and {{Quantum Disordered Superconductivity}}},
  booktitle = {Aspects Topologiques de La Physique En Basse Dimension. {{Topological}} Aspects of Low Dimensional Systems},
  author = {Fisher, Matthew P. A.},
  editor = {Comtet, A. and Jolic\oe ur, T. and Ouvry, S. and David, F.},
  date = {1999},
  series = {Les {{Houches}} - {{Ecole}} d'{{Ete}} de {{Physique Theorique}}},
  volume = {69},
  pages = {575--641},
  publisher = {{Springer Berlin Heidelberg}},
  location = {{Berlin, Heidelberg}},
  doi = {10.1007/3-540-46637-1_8},
  isbn = {978-3-540-66909-8},
  langid = {english}
}

@misc{flammHistoryOutlookStatistical1998,
  title = {History and Outlook of Statistical Physics},
  author = {Flamm, D.},
  date = {1998-03-04},
  number = {arXiv:physics/9803005},
  eprint = {physics/9803005},
  eprinttype = {arxiv},
  publisher = {{arXiv}},
  doi = {10.48550/arXiv.physics/9803005},
  archiveprefix = {arXiv}
}

@article{florescu_designer_2009,
  title = {Designer Disordered Materials with Large, Complete Photonic Band Gaps},
  author = {Florescu, Marian and Torquato, Salvatore and Steinhardt, Paul J.},
  date = {2009-12},
  journaltitle = {Proceedings of the National Academy of Sciences},
  volume = {106},
  number = {49},
  pages = {20658--20663},
  doi = {10.1073/pnas.0907744106}
}

@book{footAtomicPhysics2004,
  title = {Atomic {{Physics}}},
  author = {Foot, C. J.},
  date = {2004-11-25},
  series = {Oxford {{Master Series}} in {{Physics}}},
  publisher = {{Oxford University Press}},
  location = {{Oxford, New York}},
  isbn = {978-0-19-850695-9},
  pagetotal = {344}
}

@book{francoiseEncyclopediaMathematicalPhysics2006,
  title = {Encyclopedia of Mathematical Physics. 1, 1,},
  author = {Fran\c{c}oise, Jean-Pierre},
  date = {2006},
  publisher = {{Elsevier}},
  location = {{Amsterdam}},
  isbn = {978-0-12-512660-1 978-0-12-512661-8},
  langid = {english},
  annotation = {OCLC: 634855042}
}

@article{freedmanTopologicalQuantumComputation2003,
  title = {Topological Quantum Computation},
  author = {Freedman, Michael and Kitaev, Alexei and Larsen, Michael and Wang, Zhenghan},
  date = {2003},
  journaltitle = {Bull. Amer. Math. Soc.},
  volume = {40},
  number = {1},
  pages = {31--38},
  issn = {0273-0979, 1088-9485},
  doi = {10.1090/S0273-0979-02-00964-3},
  langid = {english}
}

@article{freericksExactDynamicalMeanfield2003,
  ids = {freericksExactDynamicalMeanfield2003a},
  title = {Exact Dynamical Mean-Field Theory of the {{Falicov-Kimball}} Model},
  author = {Freericks, J. K. and Zlati\'c, V.},
  date = {2003-10-30},
  journaltitle = {Rev. Mod. Phys.},
  volume = {75},
  number = {4},
  pages = {1333--1382},
  publisher = {{American Physical Society}},
  doi = {10.1103/RevModPhys.75.1333}
}

@article{fuchsParityChernNumbers2020,
  title = {Parity of {{Chern}} Numbers in the {{Kitaev}} Honeycomb Model and the Sixteenfold Way},
  author = {Fuchs, Jean-No\"el and Patil, Sourabh and Vidal, Julien},
  date = {2020-09-15},
  journaltitle = {Phys. Rev. B},
  volume = {102},
  number = {11},
  pages = {115130},
  publisher = {{American Physical Society}},
  doi = {10.1103/PhysRevB.102.115130}
}

@article{fukuiOrderNClusterMonte2009,
  title = {Order-{{N}} Cluster {{Monte Carlo}} Method for Spin Systems with Long-Range Interactions},
  author = {Fukui, Kouki and Todo, Synge},
  date = {2009-04-20},
  journaltitle = {Journal of Computational Physics},
  volume = {228},
  number = {7},
  pages = {2629--2642},
  issn = {0021-9991},
  doi = {10.1016/j.jcp.2008.12.022},
  langid = {english}
}

@article{gajekCanonicalPhaseDiagrams1996,
  title = {Canonical {{Phase Diagrams}} of the 1-{{D Falicov-Kimball Model}} at {{T}}=0},
  author = {Gajek, Z. and Jedrzejewski, J. and Lemanski, R.},
  date = {1996-01},
  journaltitle = {Physica A: Statistical Mechanics and its Applications},
  volume = {223},
  number = {1-2},
  eprint = {cond-mat/9507122},
  eprinttype = {arxiv},
  pages = {175--192},
  issn = {03784371},
  doi = {10.1016/0378-4371(95)00302-9},
  archiveprefix = {arXiv}
}

@article{galvoRoleDisorderConduction1989,
  title = {Role of Disorder in the Conduction Mechanism in Polyanilines},
  author = {Galvo, D. S. and family=Santos, given=D. A., prefix=dos, useprefix=true and Laks, B. and family=Melo, given=C. P., prefix=de, useprefix=true and Caldas, M. J.},
  date = {1989-08-14},
  journaltitle = {Phys. Rev. Lett.},
  volume = {63},
  number = {7},
  pages = {786--789},
  doi = {10.1103/PhysRevLett.63.786}
}

@article{gaskell1979structure,
  title = {On the Structure of Simple Inorganic Amorphous Solids},
  author = {Gaskell, PH},
  date = {1979},
  journaltitle = {Journal of Physics C: Solid State Physics},
  volume = {12},
  number = {21},
  pages = {4337},
  publisher = {{IOP Publishing}}
}

@article{gEstimateChromaticClass1964,
  title = {On an Estimate of the Chromatic Class of a P-Graph},
  author = {G, Vizing V.},
  date = {1964},
  journaltitle = {Discret Analiz},
  volume = {3},
  pages = {25--30},
  url = {https://cir.nii.ac.jp/crid/1571980075458819456},
  urldate = {2022-07-26}
}

@inproceedings{geyerMarkovChainMonte1991,
  title = {Markov {{Chain Monte Carlo Maximum Likelihood}}},
  author = {Geyer, Charles J.},
  date = {1991},
  publisher = {{Interface Foundation of North America}},
  url = {http://conservancy.umn.edu/handle/11299/58440},
  urldate = {2019-06-18},
  langid = {american}
}

@article{geyerPracticalMarkovChain1992,
  title = {Practical {{Markov Chain Monte Carlo}}},
  author = {Geyer, Charles J.},
  date = {1992-11},
  journaltitle = {Statist. Sci.},
  volume = {7},
  number = {4},
  pages = {473--483},
  issn = {0883-4237, 2168-8745},
  doi = {10.1214/ss/1177011137},
  langid = {english}
}

@article{goldshteinPurePointSpectrum1977,
  title = {A Pure Point Spectrum of the Stochastic One-Dimensional Schr\"odinger Operator},
  author = {Gol'dshtein, I. Ya. and Molchanov, S. A. and Pastur, L. A.},
  date = {1977-01-01},
  journaltitle = {Funct Anal Its Appl},
  volume = {11},
  number = {1},
  pages = {1--8},
  issn = {1573-8485},
  doi = {10.1007/BF01135526},
  langid = {english}
}

@article{goncalvesTemperaturedrivenGaplessTopological2019,
  title = {Temperature-Driven Gapless Topological Insulator},
  author = {Gon\c{c}alves, Miguel and Ribeiro, Pedro and Mondaini, Rubem and Castro, Eduardo V.},
  date = {2019-03-28},
  journaltitle = {Phys. Rev. Lett.},
  volume = {122},
  number = {12},
  eprint = {1808.00978},
  eprinttype = {arxiv},
  pages = {126601},
  issn = {0031-9007, 1079-7114},
  doi = {10.1103/PhysRevLett.122.126601},
  archiveprefix = {arXiv}
}

@article{goswamiQuantumOscillationsGraphene2008,
  title = {Quantum Oscillations in Graphene in the Presence of Disorder and Interactions},
  author = {Goswami, Pallab and Jia, Xun and Chakravarty, Sudip},
  date = {2008-10-20},
  journaltitle = {Physical Review B},
  volume = {78},
  doi = {10.1103/PhysRevB.78.245406}
}

@article{greinerQuantumPhaseTransition2002,
  title = {Quantum Phase Transition from a Superfluid to a {{Mott}} Insulator in a Gas of Ultracold Atoms},
  author = {Greiner, Markus and Mandel, Olaf and Esslinger, Tilman and H\"ansch, Theodor W. and Bloch, Immanuel},
  date = {2002-01},
  journaltitle = {Nature},
  volume = {415},
  number = {6867},
  pages = {39},
  issn = {1476-4687},
  doi = {10.1038/415039a},
  langid = {english}
}

@article{grossDirectMeasurementInterfacial2016,
  title = {Direct Measurement of Interfacial {{Dzyaloshinskii-Moriya}} Interaction in \${{X}}|\textbackslash text\{\vphantom\}{{CoFeB}}\vphantom\{\}|\textbackslash text\{\vphantom\}{{MgO}}\vphantom\{\}\$ Heterostructures with a Scanning {{NV}} Magnetometer \$({{X}}=\textbackslash text\{\vphantom\}{{Ta}}\vphantom\{\},\textbackslash text\{\vphantom\}{{TaN}}\vphantom\{\}, \textbackslash text\{and \vphantom\}{{W}}\vphantom\{\})\$},
  author = {Gross, I. and Mart\'inez, L. J. and Tetienne, J.-P. and Hingant, T. and Roch, J.-F. and Garcia, K. and Soucaille, R. and Adam, J. P. and Kim, J.-V. and Rohart, S. and Thiaville, A. and Torrejon, J. and Hayashi, M. and Jacques, V.},
  date = {2016-08-11},
  journaltitle = {Phys. Rev. B},
  volume = {94},
  number = {6},
  pages = {064413},
  doi = {10.1103/PhysRevB.94.064413}
}

@article{grossSkyrmionMorphologyUltrathin2018,
  title = {Skyrmion Morphology in Ultrathin Magnetic Films},
  author = {Gross, I. and Akhtar, W. and Hrabec, A. and Sampaio, J. and Martinez, L. J. and Chouaieb, S. and Shields, B. J. and Maletinsky, P. and Thiaville, A. and Rohart, S. and Jacques, V.},
  date = {2018-02-23},
  journaltitle = {Physical Review Materials},
  volume = {2},
  number = {2},
  eprint = {1709.06027},
  eprinttype = {arxiv},
  issn = {2475-9953},
  doi = {10.1103/PhysRevMaterials.2.024406},
  archiveprefix = {arXiv}
}

@unpublished{gruberFalicovKimballModel2005,
  title = {The {{Falicov-Kimball}} Model},
  author = {Gruber, Christian and Ueltschi, Daniel},
  date = {2005-02-16},
  eprint = {math-ph/0502041},
  eprinttype = {arxiv},
  url = {http://arxiv.org/abs/math-ph/0502041},
  urldate = {2019-07-01},
  archiveprefix = {arXiv}
}

@incollection{gruberFalicovKimballModel2006,
  title = {The {{Falicov-Kimball}} Model},
  booktitle = {Encyclopedia of Mathematical Physics. 1, 1,},
  author = {Gruber, Christian and Ueltschi, Daniel},
  date = {2006},
  publisher = {{Elsevier}},
  location = {{Amsterdam}},
  isbn = {978-0-12-512660-1},
  langid = {english},
  annotation = {OCLC: 634855042}
}

@article{gruberFalicovKimballModelReview1996,
  title = {The {{Falicov-Kimball}} Model: {{A}} Review of Exact Results and Extensions},
  shorttitle = {The {{Falicov-Kimball}} Model},
  author = {Gruber, Christian and Macris, Nicolas},
  date = {1996-01-01},
  journaltitle = {Helvetica Physica Acta},
  volume = {69}
}

@article{gruberGroundStatesFlux1997,
  title = {Ground States and Flux Configurations of the Two-Dimensional {{Falicov-Kimball}} Model},
  author = {Gruber, Christian and Macris, Nicolas and Messager, Alain and Ueltschi, Daniel},
  date = {1997-01},
  journaltitle = {J Stat Phys},
  volume = {86},
  number = {1-2},
  pages = {57--108},
  issn = {0022-4715, 1572-9613},
  doi = {10.1007/BF02180199},
  langid = {english}
}

@article{gruberGroundStatesSpinless1990,
  title = {Ground States of the Spinless {{Falicov-Kimball}} Model},
  author = {Gruber, C. and Iwanski, J. and Jedrzejewski, J. and Lemberger, P.},
  date = {1990-02-01},
  journaltitle = {Phys. Rev. B},
  volume = {41},
  number = {4},
  pages = {2198--2209},
  publisher = {{American Physical Society}},
  doi = {10.1103/PhysRevB.41.2198}
}

@article{gruberScanningConfocalOptical1997,
  title = {Scanning {{Confocal Optical Microscopy}} and {{Magnetic Resonance}} on {{Single Defect Centers}}},
  author = {Gruber, A. and Dr\"abenstedt, A. and Tietz, C. and Fleury, L. and Wrachtrup, J. and family=Borczyskowski, given=C., prefix=von, useprefix=false},
  date = {1997-06-27},
  journaltitle = {Science},
  volume = {276},
  number = {5321},
  pages = {2012--2014},
  issn = {0036-8075, 1095-9203},
  doi = {10.1126/science.276.5321.2012},
  langid = {english}
}

@unpublished{grushinTopologicalPhasesAmorphous2021,
  title = {Topological Phases of Amorphous Matter},
  author = {Grushin, Adolfo G.},
  date = {2021-01-19},
  eprint = {2010.02851},
  eprinttype = {arxiv},
  primaryclass = {cond-mat},
  url = {http://arxiv.org/abs/2010.02851},
  urldate = {2021-11-25},
  archiveprefix = {arXiv}
}

@unpublished{grushinTopologicalPhasesAmorphous2021a,
  title = {Topological Phases of Amorphous Matter},
  author = {Grushin, Adolfo G.},
  date = {2021-01-19},
  eprint = {2010.02851},
  eprinttype = {arxiv},
  primaryclass = {cond-mat},
  url = {http://arxiv.org/abs/2010.02851},
  urldate = {2022-03-23},
  archiveprefix = {arXiv}
}

@article{gutzwillerEffectCorrelationFerromagnetism1963,
  title = {Effect of {{Correlation}} on the {{Ferromagnetism}} of {{Transition Metals}}},
  author = {Gutzwiller, Martin C.},
  date = {1963-03-01},
  journaltitle = {Phys. Rev. Lett.},
  volume = {10},
  number = {5},
  pages = {159--162},
  publisher = {{American Physical Society}},
  doi = {10.1103/PhysRevLett.10.159}
}

@article{HararyDeterminant1962,
  title = {The Determinant of the Adjacency Matrix of a Graph},
  author = {Harary, Frank},
  date = {1962},
  journaltitle = {SIAM Review},
  volume = {4},
  number = {3},
  pages = {202--210},
  doi = {10.1137/1004057}
}

@unpublished{hartLogarithmicEntanglementGrowth2020,
  title = {Logarithmic Entanglement Growth from Disorder-Free Localisation in the Two-Leg Compass Ladder},
  author = {Hart, Oliver and Gopalakrishnan, Sarang and Castelnovo, Claudio},
  date = {2020-09-01},
  eprint = {2009.00618},
  eprinttype = {arxiv},
  primaryclass = {cond-mat},
  url = {http://arxiv.org/abs/2009.00618},
  urldate = {2020-11-26},
  archiveprefix = {arXiv}
}

@misc{hartStudlandStarlings2017,
  title = {Studland {{Starlings}}},
  author = {Hart, Tanya},
  date = {2017-01-22},
  publisher = {{\textbackslash href\{https://creativecommons.org/licenses/by-sa/3.0/\}\{CC BY-SA 3.0\}}},
  url = {https://commons.wikimedia.org/wiki/File:Studland_Starlings_%28209948269%29.jpeg},
  urldate = {2022-08-23}
}

@article{hassanSpectralPropertiesChargedensitywave2007,
  title = {Spectral Properties in the Charge-Density-Wave Phase of the Half-Filled {{Falicov-Kimball}} Model},
  author = {Hassan, S. R. and Krishnamurthy, H. R.},
  date = {2007-11-16},
  journaltitle = {Phys. Rev. B},
  volume = {76},
  number = {20},
  pages = {205109},
  publisher = {{American Physical Society}},
  doi = {10.1103/PhysRevB.76.205109}
}

@article{hassanSpectralPropertiesChargedensitywave2007a,
  title = {Spectral Properties in the Charge-Density-Wave Phase of the Half-Filled {{Falicov-Kimball}} Model},
  author = {Hassan, S. R. and Krishnamurthy, H. R.},
  date = {2007-11-16},
  journaltitle = {Phys. Rev. B},
  volume = {76},
  number = {20},
  pages = {205109},
  publisher = {{American Physical Society}},
  doi = {10.1103/PhysRevB.76.205109}
}

@article{Hastings_Almost_2010,
  title = {Almost Commuting Matrices, Localized {{Wannier}} Functions, and the Quantum {{Hall}} Effect},
  author = {Hastings, Matthew B. and Loring, Terry A.},
  date = {2010},
  journaltitle = {Journal of Mathematical Physics},
  volume = {51},
  number = {1},
  eprint = {https://doi.org/10.1063/1.3274817},
  pages = {015214},
  doi = {10.1063/1.3274817}
}

@article{hastingsDynamicallyGeneratedLogical2021,
  title = {Dynamically {{Generated Logical Qubits}}},
  author = {Hastings, Matthew B. and Haah, Jeongwan},
  date = {2021-10-19},
  journaltitle = {Quantum},
  volume = {5},
  eprint = {2107.02194},
  eprinttype = {arxiv},
  primaryclass = {quant-ph},
  pages = {564},
  issn = {2521-327X},
  doi = {10.22331/q-2021-10-19-564},
  archiveprefix = {arXiv}
}

@article{hastingsMonteCarloSampling1970,
  title = {Monte {{Carlo}} Sampling Methods Using {{Markov}} Chains and Their Applications},
  author = {Hastings, W. K.},
  date = {1970-04-01},
  journaltitle = {Biometrika},
  volume = {57},
  number = {1},
  pages = {97--109},
  publisher = {{Oxford Academic}},
  issn = {0006-3444},
  doi = {10.1093/biomet/57.1.97},
  langid = {english}
}

@article{heawoodMapColouringTheorems,
  title = {Map Colouring Theorems},
  author = {Heawood, P. J.},
  journaltitle = {Quarterly Journal of Mathematics},
  series = {First {{Series}}},
  number = {24},
  pages = {322--339}
}

@article{hermanns2015weyl,
  title = {Weyl Spin Liquids},
  author = {Hermanns, Maria and O'Brien, Kevin and Trebst, Simon},
  date = {2015},
  journaltitle = {Physical Review Letters},
  volume = {114},
  number = {15},
  pages = {157202},
  publisher = {{APS}}
}

@article{hermannsPhysicsKitaevModel2018,
  title = {Physics of the {{Kitaev}} Model: Fractionalization, Dynamical Correlations, and Material Connections},
  shorttitle = {Physics of the {{Kitaev}} Model},
  author = {Hermanns, Maria and Kimchi, Itamar and Knolle, Johannes},
  date = {2018-03-10},
  journaltitle = {Annu. Rev. Condens. Matter Phys.},
  volume = {9},
  number = {1},
  eprint = {1705.01740},
  eprinttype = {arxiv},
  pages = {17--33},
  issn = {1947-5454, 1947-5462},
  doi = {10.1146/annurev-conmatphys-033117-053934},
  archiveprefix = {arXiv}
}

@article{hermannsPhysicsKitaevModel2018a,
  title = {Physics of the {{Kitaev Model}}: {{Fractionalization}}, {{Dynamic Correlations}}, and {{Material Connections}}},
  shorttitle = {Physics of the {{Kitaev Model}}},
  author = {Hermanns, M. and Kimchi, I. and Knolle, J.},
  date = {2018},
  journaltitle = {Annual Review of Condensed Matter Physics},
  volume = {9},
  number = {1},
  pages = {17--33},
  doi = {10.1146/annurev-conmatphys-033117-053934},
  annotation = {\_eprint: https://doi.org/10.1146/annurev-conmatphys-033117-053934}
}

@article{herrmannNonequilibriumDynamicalCluster2016,
  title = {Nonequilibrium {{Dynamical Cluster Approximation}} Study of the {{Falicov-Kimball Model}}},
  author = {Herrmann, Andreas J. and Tsuji, Naoto and Eckstein, Martin and Werner, Philipp},
  date = {2016-12-06},
  journaltitle = {Phys. Rev. B},
  volume = {94},
  number = {24},
  eprint = {1609.04708},
  eprinttype = {arxiv},
  pages = {245114},
  issn = {2469-9950, 2469-9969},
  doi = {10.1103/PhysRevB.94.245114},
  archiveprefix = {arXiv}
}

@article{herrmannNonequilibriumDynamicalCluster2016a,
  title = {Nonequilibrium Dynamical Cluster Approximation Study of the {{Falicov-Kimball}} Model},
  author = {Herrmann, Andreas J. and Tsuji, Naoto and Eckstein, Martin and Werner, Philipp},
  date = {2016-12-06},
  journaltitle = {Phys. Rev. B},
  volume = {94},
  number = {24},
  pages = {245114},
  publisher = {{American Physical Society}},
  doi = {10.1103/PhysRevB.94.245114}
}

@article{HerrmannsAnRev2018,
  title = {Physics of the Kitaev Model: {{Fractionalization}}, Dynamic Correlations, and Material Connections},
  author = {Hermanns, M. and Kimchi, I. and Knolle, J.},
  date = {2018},
  journaltitle = {Annual Review of Condensed Matter Physics},
  volume = {9},
  number = {1},
  pages = {17--33},
  doi = {10.1146/annurev-conmatphys-033117-053934}
}

@article{herrmannSpreadingCorrelationsFalicovKimball2018,
  title = {Spreading of Correlations in the {{Falicov-Kimball}} Model},
  author = {Herrmann, Andreas J. and Antipov, Andrey E. and Werner, Philipp},
  date = {2018-04-05},
  journaltitle = {Phys. Rev. B},
  volume = {97},
  number = {16},
  pages = {165107},
  doi = {10.1103/PhysRevB.97.165107}
}

@software{hodsonKoalaKitaevAmorphous2022,
  title = {Koala: {{Kitaev}} on {{Amorphous Lattices}}},
  shorttitle = {Koala},
  author = {Hodson, Thomas and D'Ornellas, Peru and Cassella, Gino},
  date = {2022-02-28},
  doi = {10.5281/zenodo.6303275}
}

@software{hodsonMCMCFKModel2021,
  title = {Markov {{Chain Monte Carlo}} for the {{Kitaev Model}}},
  shorttitle = {{{TomHodson}}/{{FKMC}}},
  author = {Hodson, Thomas},
  date = {2021-03-19},
  doi = {10.5281/zenodo.4593904},
  version = {v1.0}
}

@article{hodsonOnedimensionalLongrangeFalikovKimball2021,
  title = {One-Dimensional Long-Range {{Falikov-Kimball}} Model: {{Thermal}} Phase Transition and Disorder-Free Localization},
  shorttitle = {One-Dimensional Long-Range {{Falikov-Kimball}} Model},
  author = {Hodson, T. and Willsher, J. and Knolle, J.},
  date = {2021-07-09},
  journaltitle = {Phys. Rev. B},
  volume = {104},
  number = {4},
  pages = {045116},
  publisher = {{American Physical Society}},
  issn = {2469-9950, 2469-9969},
  doi = {10.1103/PhysRevB.104.045116}
}

@article{hofstadterEnergyLevelsWave1976,
  title = {Energy Levels and Wave Functions of {{Bloch}} Electrons in Rational and Irrational Magnetic Fields},
  author = {Hofstadter, Douglas R.},
  date = {1976-09-15},
  journaltitle = {Phys. Rev. B},
  volume = {14},
  number = {6},
  pages = {2239--2249},
  publisher = {{American Physical Society}},
  doi = {10.1103/PhysRevB.14.2239}
}

@article{horiMethodsNegativeFactorCountingTheory1962,
  title = {Methods of {{Negative-Factor-Counting}} in the {{Theory}} of the {{Frequency Spectrum}} of {{Disordered Lattices}}},
  author = {Hori, Jun-ichi},
  date = {1962-03-01},
  journaltitle = {Prog Theor Phys},
  volume = {23},
  pages = {3--21},
  issn = {0375-9687},
  doi = {10.1143/PTPS.23.3},
  langid = {english}
}

@article{hornerEquivalenceVorticesTwists2020,
  title = {Equivalence between Vortices, Twists, and Chiral Gauge Fields in the {{Kitaev}} Honeycomb Lattice Model},
  author = {Horner, Matthew D. and Farjami, A. and Pachos, J.},
  date = {2020},
  doi = {10.1103/PHYSREVB.102.125152}
}

@article{huangAcceleratedMonteCarlo2017,
  title = {Accelerated {{Monte Carlo}} Simulations with Restricted {{Boltzmann}} Machines},
  author = {Huang, Li and Wang, Lei},
  date = {2017-01-04},
  journaltitle = {Phys. Rev. B},
  volume = {95},
  number = {3},
  pages = {035105},
  doi = {10.1103/PhysRevB.95.035105}
}

@article{hubbardElectronCorrelationsNarrow1964,
  title = {Electron Correlations in Narrow Energy Bands {{III}}. {{An}} Improved Solution},
  author = {Hubbard, J. and Flowers, Brian Hilton},
  date = {1964-09-22},
  journaltitle = {Proceedings of the Royal Society of London. Series A. Mathematical and Physical Sciences},
  volume = {281},
  number = {1386},
  pages = {401--419},
  publisher = {{Royal Society}},
  doi = {10.1098/rspa.1964.0190}
}

@article{hubbardj.ElectronCorrelationsNarrow1963,
  title = {Electron Correlations in Narrow Energy Bands},
  author = {{Hubbard, J.}},
  date = {1963-11-26},
  journaltitle = {Proceedings of the Royal Society of London. Series A. Mathematical and Physical Sciences},
  volume = {276},
  number = {1365},
  pages = {238--257},
  doi = {10.1098/rspa.1963.0204}
}

@article{HubbardModelHalf2013,
  title = {The {{Hubbard}} Model at Half a Century},
  date = {2013-09-01},
  journaltitle = {Nature Physics},
  volume = {9},
  number = {9},
  pages = {523--523},
  issn = {1745-2481},
  doi = {10.1038/nphys2759}
}

@article{hunterMatplotlib2DGraphics2007,
  title = {Matplotlib: {{A 2D Graphics Environment}}},
  shorttitle = {Matplotlib},
  author = {Hunter, John D.},
  date = {2007-05},
  journaltitle = {Computing in Science Engineering},
  volume = {9},
  number = {3},
  pages = {90--95},
  issn = {1558-366X},
  doi = {10.1109/MCSE.2007.55},
  eventtitle = {Computing in {{Science Engineering}}}
}

@book{iglewiczHowDetectHandle1993,
  title = {How to Detect and Handle Outliers},
  author = {Iglewicz, Boris and Hoaglin, David Caster},
  date = {1993},
  publisher = {{Milwaukee, Wis. : ASQC Quality Press}},
  url = {https://trove.nla.gov.au/version/12350384},
  urldate = {2018-05-12},
  isbn = {978-0-87389-247-6},
  langid = {english}
}

@article{imadaMetalinsulatorTransitions1998,
  title = {Metal-Insulator Transitions},
  author = {Imada, Masatoshi and Fujimori, Atsushi and Tokura, Yoshinori},
  date = {1998-10-01},
  journaltitle = {Rev. Mod. Phys.},
  volume = {70},
  number = {4},
  pages = {1039--1263},
  publisher = {{American Physical Society}},
  doi = {10.1103/RevModPhys.70.1039}
}

@article{imbrieDiagonalizationManyBodyLocalization2016,
  title = {Diagonalization and {{Many-Body Localization}} for a {{Disordered Quantum Spin Chain}}},
  author = {Imbrie, John Z.},
  date = {2016-07-05},
  journaltitle = {Phys. Rev. Lett.},
  volume = {117},
  number = {2},
  eprint = {1605.03003},
  eprinttype = {arxiv},
  pages = {027201},
  issn = {0031-9007, 1079-7114},
  doi = {10.1103/PhysRevLett.117.027201},
  archiveprefix = {arXiv}
}

@article{imbrieManyBodyLocalizationQuantum2016,
  title = {On {{Many-Body Localization}} for {{Quantum Spin Chains}}},
  author = {Imbrie, John Z.},
  date = {2016-06-01},
  journaltitle = {J Stat Phys},
  volume = {163},
  number = {5},
  pages = {998--1048},
  issn = {1572-9613},
  doi = {10.1007/s10955-016-1508-x},
  langid = {english}
}

@inproceedings{imms-sat18,
  title = {{{PySAT}}: {{A Python}} Toolkit for Prototyping with {{SAT}} Oracles},
  booktitle = {{{SAT}}},
  author = {Ignatiev, Alexey and Morgado, Antonio and Marques-Silva, Joao},
  date = {2018},
  pages = {428--437},
  doi = {10.1007/978-3-319-94144-8_26}
}

@online{IntegratedAutocorrelationTime,
  title = {Integrated Autocorrelation Time and Its Relationship with {{MCMC}} Convergence},
  url = {https://rstudio-pubs-static.s3.amazonaws.com/258436_5c7f6f9a84bd47aeaa33ee763e57a531.html},
  urldate = {2019-06-20}
}

@article{isingBeitragZurTheorie1925,
  title = {Beitrag zur Theorie des Ferromagnetismus},
  author = {Ising, Ernst},
  date = {1925-02},
  journaltitle = {Z. Physik},
  volume = {31},
  number = {1},
  pages = {253--258},
  issn = {0044-3328},
  doi = {10.1007/BF02980577},
  langid = {ngerman}
}

@article{izrailevAnomalousLocalizationLowDimensional2012,
  title = {Anomalous {{Localization}} in {{Low-Dimensional Systems}} with {{Correlated Disorder}}},
  author = {Izrailev, F. M. and Krokhin, A. A. and Makarov, N. M.},
  date = {2012-03},
  journaltitle = {Physics Reports},
  volume = {512},
  number = {3},
  eprint = {1110.1762},
  eprinttype = {arxiv},
  pages = {125--254},
  issn = {03701573},
  doi = {10.1016/j.physrep.2011.11.002},
  archiveprefix = {arXiv}
}

@article{izrailevGenerationCorrelatedBinary2007,
  title = {Generation of Correlated Binary Sequences from White Noise},
  author = {Izrailev, F. M. and Krokhin, A. A. and Makarov, N. M. and Usatenko, O. V.},
  date = {2007-08-21},
  journaltitle = {Phys. Rev. E},
  volume = {76},
  number = {2},
  pages = {027701},
  doi = {10.1103/PhysRevE.76.027701}
}

@article{izrailevLocalizationMobilityEdge1999,
  title = {Localization and the {{Mobility Edge}} in {{One-Dimensional Potentials}} with {{Correlated Disorder}}},
  author = {Izrailev, F. M. and Krokhin, A. A.},
  date = {1999-05-17},
  journaltitle = {Phys. Rev. Lett.},
  volume = {82},
  number = {20},
  pages = {4062--4065},
  doi = {10.1103/PhysRevLett.82.4062}
}

@article{Jackeli2009,
  title = {Mott Insulators in the Strong Spin-Orbit Coupling Limit: From {{Heisenberg}} to a Quantum Compass and {{Kitaev}} Models},
  author = {Jackeli, G. and Khaliullin, G.},
  date = {2009},
  journaltitle = {Physical Review Letters},
  volume = {102},
  number = {1},
  pages = {017205},
  doi = {10.1103/PhysRevLett.102.017205},
  pagetotal = {4}
}

@article{jackeliMottInsulatorsStrong2009,
  title = {Mott {{Insulators}} in the {{Strong Spin-Orbit Coupling Limit}}: {{From Heisenberg}} to a {{Quantum Compass}} and {{Kitaev Models}}},
  shorttitle = {Mott {{Insulators}} in the {{Strong Spin-Orbit Coupling Limit}}},
  author = {Jackeli, G. and Khaliullin, G.},
  date = {2009-01-06},
  journaltitle = {Phys. Rev. Lett.},
  volume = {102},
  number = {1},
  pages = {017205},
  publisher = {{American Physical Society}},
  doi = {10.1103/PhysRevLett.102.017205}
}

@article{jaegerEhrenfestClassificationPhase1998,
  title = {The {{Ehrenfest Classification}} of {{Phase Transitions}}: {{Introduction}} and {{Evolution}}},
  shorttitle = {The {{Ehrenfest Classification}} of {{Phase Transitions}}},
  author = {Jaeger, Gregg},
  date = {1998-05-01},
  journaltitle = {Arch Hist Exact Sc.},
  volume = {53},
  number = {1},
  pages = {51--81},
  issn = {1432-0657},
  doi = {10.1007/s004070050021},
  langid = {english}
}

@article{jaliliReviewAtomicForce2004,
  title = {A Review of Atomic Force Microscopy Imaging Systems: Application to Molecular Metrology and Biological Sciences},
  shorttitle = {A Review of Atomic Force Microscopy Imaging Systems},
  author = {Jalili, Nader and Laxminarayana, Karthik},
  date = {2004-10-01},
  journaltitle = {Mechatronics},
  volume = {14},
  number = {8},
  pages = {907--945},
  issn = {0957-4158},
  doi = {10.1016/j.mechatronics.2004.04.005}
}

@article{janisNewConstructionThermodynamic1991,
  title = {A New Construction of Thermodynamic Mean-Field Theories of Itinerant Fermions: Application to the {{Falicov-Kimball}} Model},
  shorttitle = {A New Construction of Thermodynamic Mean-Field Theories of Itinerant Fermions},
  author = {Jani\v{s}, V.},
  date = {1991-06-01},
  journaltitle = {Z. Physik B - Condensed Matter},
  volume = {83},
  number = {2},
  pages = {227--235},
  issn = {1431-584X},
  doi = {10.1007/BF01309423},
  langid = {english}
}

@article{jasraPopulationbasedSimulationStatic2007,
  title = {On Population-Based Simulation for Static Inference},
  author = {Jasra, Ajay and Stephens, David A. and Holmes, Christopher C.},
  date = {2007-09-01},
  journaltitle = {Stat Comput},
  volume = {17},
  number = {3},
  pages = {263--279},
  issn = {1573-1375},
  doi = {10.1007/s11222-007-9028-9},
  langid = {english}
}

@article{jedrzejewskiFalicovKimballModels2001,
  title = {Falicov--{{Kimball Models}} of {{Collective Phenomena}} in {{Solids}} ({{A Concise Guide}})},
  author = {Jedrzejewski, Janusz and Lemanski, Romuald},
  date = {2001-10-01},
  journaltitle = {Acta Physica Polonica B},
  volume = {32},
  pages = {3243},
  url = {http://adsabs.harvard.edu/abs/2001AcPPB..32.3243J},
  urldate = {2020-09-18}
}

@article{jensenLightNarrowingMagnetic2013,
  title = {Light Narrowing of Magnetic Resonances in Ensembles of Nitrogen-Vacancy Centers in Diamond},
  author = {Jensen, K. and Acosta, V. M. and Jarmola, A. and Budker, D.},
  date = {2013-01-28},
  journaltitle = {Phys. Rev. B},
  volume = {87},
  number = {1},
  pages = {014115},
  doi = {10.1103/PhysRevB.87.014115}
}

@article{johnstonMethodCalculatingLocalisation1983,
  title = {A Method for Calculating the Localisation Length, with an Analysis of the {{Lloyd}} Model},
  author = {Johnston, R. and Kunz, H.},
  date = {1983-08},
  journaltitle = {J. Phys. C: Solid State Phys.},
  volume = {16},
  number = {23},
  pages = {4565--4580},
  publisher = {{IOP Publishing}},
  issn = {0022-3719},
  doi = {10.1088/0022-3719/16/23/018},
  langid = {english}
}

@article{jordensMottInsulatorFermionic2008,
  title = {A {{Mott}} Insulator of Fermionic Atoms in an Optical Lattice},
  author = {J\"ordens, Robert and Strohmaier, Niels and G\"unter, Kenneth and Moritz, Henning and Esslinger, Tilman},
  date = {2008-09},
  journaltitle = {Nature},
  volume = {455},
  number = {7210},
  pages = {204--207},
  issn = {1476-4687},
  doi = {10.1038/nature07244},
  langid = {english}
}

@misc{joyDynamicsVisonsThermal2022,
  title = {Dynamics of Visons and Thermal {{Hall}} Effect in Perturbed {{Kitaev}} Models},
  author = {Joy, Aprem P. and Rosch, Achim},
  date = {2022-07-22},
  number = {arXiv:2109.00250},
  eprint = {2109.00250},
  eprinttype = {arxiv},
  primaryclass = {cond-mat},
  publisher = {{arXiv}},
  url = {http://arxiv.org/abs/2109.00250},
  urldate = {2022-08-02},
  archiveprefix = {arXiv}
}

@article{kagan1984localization,
  title = {Localization in a System of Interacting Particles Diffusing in a Regular Crystal},
  author = {Kagan, Yu and Maksimov, LA},
  date = {1984},
  journaltitle = {Zhurnal Eksperimental'noi i Teoreticheskoi Fiziki},
  volume = {87},
  pages = {348--365}
}

@article{Kalmeyer1987,
  title = {Equivalence of the Resonating-Valence-Bond and Fractional Quantum {{Hall}} States},
  author = {Kalmeyer, V. and Laughlin, R. B.},
  date = {1987-11},
  journaltitle = {Phys. Rev. Lett.},
  volume = {59},
  number = {18},
  pages = {2095--2098},
  publisher = {{American Physical Society}},
  doi = {10.1103/PhysRevLett.59.2095},
  pagetotal = {0}
}

@article{Kalmeyer1989,
  title = {Theory of the Spin Liquid State of the {{Heisenberg}} Antiferromagnet},
  author = {Kalmeyer, Vadim and Laughlin, R. B.},
  date = {1989-06},
  journaltitle = {Phys. Rev. B},
  volume = {39},
  number = {16},
  pages = {11879--11899},
  publisher = {{American Physical Society}},
  doi = {10.1103/PhysRevB.39.11879},
  pagetotal = {0}
}

@article{kanamoriElectronCorrelationFerromagnetism1963,
  title = {Electron {{Correlation}} and {{Ferromagnetism}} of {{Transition Metals}}},
  author = {Kanamori, Junjiro},
  date = {1963-09-01},
  journaltitle = {Progress of Theoretical Physics},
  volume = {30},
  number = {3},
  pages = {275--289},
  issn = {0033-068X},
  doi = {10.1143/PTP.30.275}
}

@book{kaneyoshi1992introduction,
  title = {Introduction to Amorphous Magnets},
  author = {Kaneyoshi, Takahito},
  date = {1992},
  publisher = {{World Scientific Publishing Company}}
}

@book{Kaneyoshi2018,
  title = {Amorphous Magnetism},
  editor = {Kaneyoshi, T.},
  date = {2018},
  series = {{{CRC}} Revivals},
  publisher = {{CRC Press}},
  location = {{Boca Raton}}
}

@article{kapferSamplingPolytopeHarddisk2013,
  title = {Sampling from a Polytope and Hard-Disk {{Monte Carlo}}},
  author = {Kapfer, Sebastian C. and Krauth, Werner},
  date = {2013-08-12},
  journaltitle = {J. Phys.: Conf. Ser.},
  volume = {454},
  eprint = {1301.4901},
  eprinttype = {arxiv},
  pages = {012031},
  issn = {1742-6596},
  doi = {10.1088/1742-6596/454/1/012031},
  archiveprefix = {arXiv}
}

@incollection{Karp1972,
  title = {Reducibility among Combinatorial Problems},
  booktitle = {Complexity of Computer Computations},
  author = {Karp, Richard M.},
  editor = {Miller, Raymond E. and Thatcher, James W. and Bohlinger, Jean D.},
  date = {1972},
  pages = {85--103},
  publisher = {{Springer US}},
  location = {{Boston, MA}},
  doi = {10.1007/978-1-4684-2001-2_9},
  isbn = {978-1-4684-2001-2}
}

@article{karpovDisorderFreeLocalizationInteracting2021,
  title = {Disorder-{{Free Localization}} in an {{Interacting 2D Lattice Gauge Theory}}},
  author = {Karpov, P. and Verdel, R. and Huang, Y.-P. and Schmitt, M. and Heyl, M.},
  date = {2021-04-01},
  journaltitle = {Phys. Rev. Lett.},
  volume = {126},
  number = {13},
  pages = {130401},
  publisher = {{American Physical Society}},
  doi = {10.1103/PhysRevLett.126.130401}
}

@article{Kasahara2018,
  title = {Majorana Quantization and Half-Integer Thermal Quantum {{Hall}} Effect in a {{Kitaev}} Spin Liquid},
  author = {Kasahara, Y. and Ohnishi, T. and Mizukami, Y. and others},
  date = {2018-07},
  journaltitle = {Nature},
  volume = {559},
  pages = {227--231},
  doi = {10.1038/s41586-018-0274-0}
}

@article{kasuyaTheoryMetallicFerro1956,
  title = {A {{Theory}} of {{Metallic Ferro-}} and {{Antiferromagnetism}} on {{Zener}}'s {{Model}}},
  author = {Kasuya, Tadao},
  date = {1956-07-01},
  journaltitle = {Prog Theor Phys},
  volume = {16},
  number = {1},
  pages = {45--57},
  publisher = {{Oxford Academic}},
  issn = {0033-068X},
  doi = {10.1143/PTP.16.45},
  langid = {english}
}

@article{kellsDescriptionKitaevHoneycomb2009,
  title = {Description of {{Kitaev}}'s Honeycomb Model with Toric-Code Stabilizers},
  author = {Kells, G. and Slingerland, J. K. and Vala, J.},
  date = {2009-09-18},
  journaltitle = {Phys. Rev. B},
  volume = {80},
  number = {12},
  pages = {125415},
  publisher = {{American Physical Society}},
  doi = {10.1103/PhysRevB.80.125415}
}

@article{kellyReversibilityStochasticNetworks1981,
  title = {Reversibility and Stochastic Networks / {{F}}.{{P}}. {{Kelly}}},
  author = {Kelly, F.P.},
  date = {1981-06-01},
  journaltitle = {SERBIULA (sistema Librum 2.0)},
  volume = {76},
  doi = {10.2307/2287860}
}

@article{Kempkes2021,
  title = {Design and Characterization of Electrons in a Fractal Geometry},
  author = {Kempkes, S. N. and Slot, M. R. and Freeney, S. E. and Zevenhuizen, S. J. M. and Vanmaekelbergh, D. and Swart, I. and Smith, C. Morais},
  date = {2021},
  journaltitle = {Nature Physics},
  volume = {15},
  pages = {127}
}

@article{KempkesNatMat2019,
  title = {Robust Zero-Energy Modes in an Electronic Higher-Order Topological Insulator},
  author = {Kempkes, S.N. and Slot, M.R. and family=Broeke, given=J.J., prefix=vd, useprefix=false and Capiod, P. and Benalcazar, W.A. and Vanmaekelbergh, D. and Bercioux, D. and Swart, I. and Smith, C. Morais},
  date = {2019},
  journaltitle = {Nature Materials},
  volume = {18},
  pages = {1292},
  doi = {10.1038/s41563-019-0483-4}
}

@article{kennedyItinerantElectronModel1986,
  title = {An Itinerant Electron Model with Crystalline or Magnetic Long Range Order},
  author = {Kennedy, Tom and Lieb, Elliott H.},
  date = {1986-09-02},
  journaltitle = {Physica A: Statistical Mechanics and its Applications},
  volume = {138},
  number = {1},
  pages = {320--358},
  issn = {0378-4371},
  doi = {10.1016/0378-4371(86)90188-3}
}

@book{kerteszAdvancesComputerSimulation1998,
  title = {Advances in {{Computer Simulation}}: {{Lectures Held}} at the {{E\"otv\"os Summer School}} in {{Budapest}}, {{Hungary}}, 16\textendash 20 {{July}} 1996},
  shorttitle = {Advances in {{Computer Simulation}}},
  editor = {Kertesz, Janos and Kondor, Imre},
  date = {1998},
  series = {Lecture {{Notes}} in {{Physics}}},
  publisher = {{Springer-Verlag}},
  location = {{Berlin Heidelberg}},
  doi = {10.1007/BFb0105456},
  isbn = {978-3-662-14186-1},
  langid = {english}
}

@article{khaliullinOrbitalOrderFluctuations2005,
  title = {Orbital {{Order}} and {{Fluctuations}} in {{Mott Insulators}}},
  author = {Khaliullin, Giniyat},
  date = {2005-06-01},
  journaltitle = {Progress of Theoretical Physics Supplement},
  volume = {160},
  pages = {155--202},
  issn = {0375-9687},
  doi = {10.1143/PTPS.160.155}
}

@article{khatamiFluctuationDissipationTheoremIsolated2013,
  title = {Fluctuation-{{Dissipation Theorem}} in an {{Isolated System}} of {{Quantum Dipolar Bosons}} after a {{Quench}}},
  author = {Khatami, Ehsan and Pupillo, Guido and Srednicki, Mark and Rigol, Marcos},
  date = {2013-08-02},
  journaltitle = {Physical review letters},
  volume = {111},
  pages = {050403},
  doi = {10.1103/PhysRevLett.111.050403}
}

@unpublished{kim2022fractionalization,
  title = {Fractionalization and Topology in Amorphous Electronic Solids},
  author = {Kim, Sunghoon and Agarwala, Adhip and Chowdhury, Debanjan},
  date = {2022},
  eprint = {2205.11523},
  eprinttype = {arxiv},
  archiveprefix = {arXiv}
}

@article{king2012murmurations,
  title = {Murmurations},
  author = {King, Andrew J and Sumpter, David JT},
  date = {2012},
  journaltitle = {Current Biology},
  volume = {22},
  number = {4},
  pages = {R112--R114},
  publisher = {{Elsevier}}
}

@article{kitaev_fault-tolerant_2003,
  title = {Fault-Tolerant Quantum Computation by Anyons},
  author = {Kitaev, A. Yu.},
  date = {2003-01-01},
  journaltitle = {Annals of Physics},
  volume = {303},
  number = {1},
  pages = {2--30},
  issn = {0003-4916},
  doi = {10.1016/S0003-4916(02)00018-0},
  langid = {english}
}

@article{kitaevAnyonsExactlySolved2006,
  title = {Anyons in an Exactly Solved Model and Beyond},
  author = {Kitaev, Alexei},
  date = {2006-01-01},
  journaltitle = {Annals of Physics},
  series = {January {{Special Issue}}},
  volume = {321},
  number = {1},
  pages = {2--111},
  issn = {0003-4916},
  doi = {10.1016/j.aop.2005.10.005},
  langid = {english}
}

@article{kivelsonDefiningEmergencePhysics2016,
  title = {Defining Emergence in Physics},
  author = {Kivelson, Sophia and Kivelson, Steven A.},
  date = {2016-11-25},
  journaltitle = {npj Quant Mater},
  volume = {1},
  number = {1},
  pages = {1--2},
  publisher = {{Nature Publishing Group}},
  issn = {2397-4648},
  doi = {10.1038/npjquantmats.2016.24},
  issue = {1},
  langid = {english}
}

@thesis{knolle_dynamics_2016,
  title = {Dynamics of a Quantum Spin Liquid},
  author = {Knolle, J.},
  date = {2016},
  institution = {{Max Planck Institute for the Physics of Complex Systems, Dresden}}
}

@article{Knolle2019,
  title = {A Field Guide to Spin Liquids},
  author = {Knolle, J. and Moessner, R.},
  date = {2019},
  journaltitle = {Annual Review of Condensed Matter Physics},
  volume = {10},
  number = {1},
  pages = {451--472},
  doi = {10.1146/annurev-conmatphys-031218-013401}
}

@article{knolleDynamicsFractionalizationQuantum2015,
  title = {Dynamics of Fractionalization in Quantum Spin Liquids},
  author = {Knolle, J. and Kovrizhin, D. L. and Chalker, J. T. and Moessner, R.},
  date = {2015-09-14},
  journaltitle = {Phys. Rev. B},
  volume = {92},
  number = {11},
  pages = {115127},
  publisher = {{American Physical Society}},
  doi = {10.1103/PhysRevB.92.115127}
}

@article{knolleDynamicsQuantumSpin2018,
  title = {Dynamics of a Quantum Spin Liquid beyond Integrability: {{The Kitaev-Heisenberg-}}\$\textbackslash mathrm\{\textbackslash ensuremath\{\textbackslash\vphantom{\}\}}{{Gamma}}\vphantom\{\}\vphantom\{\}\$ Model in an Augmented Parton Mean-Field Theory},
  shorttitle = {Dynamics of a Quantum Spin Liquid beyond Integrability},
  author = {Knolle, Johannes and Bhattacharjee, Subhro and Moessner, Roderich},
  date = {2018-04-30},
  journaltitle = {Phys. Rev. B},
  volume = {97},
  number = {13},
  pages = {134432},
  publisher = {{American Physical Society}},
  doi = {10.1103/PhysRevB.97.134432}
}

@article{knolleQuantumOscillationsFermi2015,
  title = {Quantum {{Oscillations}} without a {{Fermi Surface}} and the {{Anomalous}} de {{Haas--van Alphen Effect}}},
  author = {Knolle, Johannes and Cooper, Nigel R.},
  date = {2015-09-28},
  journaltitle = {Phys. Rev. Lett.},
  volume = {115},
  number = {14},
  pages = {146401},
  publisher = {{American Physical Society}},
  doi = {10.1103/PhysRevLett.115.146401}
}

@misc{knowlesHelenaThesis2015,
  title = {Helena's {{Thesis}}},
  author = {Knowles, Helena},
  date = {2015}
}

@article{Konig2020,
  title = {Tunneling Spectroscopy of Quantum Spin Liquids},
  author = {K\"onig, Elio J. and Randeria, Mallika T. and J\"ack, Berthold},
  date = {2020-12},
  journaltitle = {Phys. Rev. Lett.},
  volume = {125},
  number = {26},
  pages = {267206},
  publisher = {{American Physical Society}},
  doi = {10.1103/PhysRevLett.125.267206},
  pagetotal = {6}
}

@article{kosowski2004classical,
  title = {Classical Coloring of Graphs},
  author = {Kosowski, Adrian and Manuszewski, Krzysztof},
  date = {2004},
  journaltitle = {Contemporary Mathematics},
  volume = {352},
  pages = {1--20},
  publisher = {{Providence, RI; American Mathematical Society; 1999}}
}

@article{kramerLocalizationTheoryExperiment1993,
  title = {Localization: Theory and Experiment},
  shorttitle = {Localization},
  author = {Kramer, B. and MacKinnon, A.},
  date = {1993-12},
  journaltitle = {Rep. Prog. Phys.},
  volume = {56},
  number = {12},
  pages = {1469--1564},
  issn = {0034-4885},
  doi = {10.1088/0034-4885/56/12/001},
  langid = {english}
}

@unpublished{krauthIntroductionMonteCarlo1996,
  title = {Introduction {{To Monte Carlo Algorithms}}},
  author = {Krauth, Werner},
  date = {1996-12-19},
  eprint = {cond-mat/9612186},
  eprinttype = {arxiv},
  url = {http://arxiv.org/abs/cond-mat/9612186},
  urldate = {2019-06-17},
  archiveprefix = {arXiv}
}

@incollection{krauthIntroductionMonteCarlo1998,
  title = {Introduction {{To Monte Carlo Algorithms}}},
  booktitle = {Advances in {{Computer Simulation}}: {{Lectures Held}} at the {{E\"otv\"os Summer School}} in {{Budapest}}, {{Hungary}}, 16\textendash 20 {{July}} 1996},
  author = {Krauth, Werner},
  date = {1998},
  series = {Lecture {{Notes}} in {{Physics}}},
  publisher = {{Springer-Verlag}},
  location = {{Berlin Heidelberg}},
  doi = {10.1007/BFb0105456},
  isbn = {978-3-662-14186-1},
  langid = {english}
}

@article{kugelJahnTellerEffectMagnetism1982,
  title = {The {{Jahn-Teller}} Effect and Magnetism: Transition Metal Compounds},
  shorttitle = {The {{Jahn-Teller}} Effect and Magnetism},
  author = {Kugel', Kliment I. and Khomski{\u \i}, D. I.},
  date = {1982-04-30},
  journaltitle = {Sov. Phys. Usp.},
  volume = {25},
  number = {4},
  pages = {231},
  publisher = {{IOP Publishing}},
  issn = {0038-5670},
  doi = {10.1070/PU1982v025n04ABEH004537},
  langid = {english}
}

@article{kuhnDiamondColourCentres2001,
  title = {Diamond Colour Centres as a Nanoscopic Light Source for Scanning Near-Field Optical Microscopy},
  author = {K\"uhn, S. and Hettich, C. and Schmitt, C. and Poizat, J.-Ph and Sandoghdar, V.},
  date = {2001-04-01},
  journaltitle = {Journal of Microscopy},
  volume = {202},
  number = {1},
  pages = {2--6},
  issn = {1365-2818},
  doi = {10.1046/j.1365-2818.2001.00829.x},
  langid = {english}
}

@book{Lacroix2011,
  title = {Introduction to Frustrated Magnetism},
  editor = {Lacroix, C. and Mendels, P. and Mila, F.},
  date = {2011},
  series = {Springer-Series in Solid State Sciences},
  volume = {164},
  publisher = {{Springer-Verlag}},
  location = {{Berlin Heidelberg}},
  owner = {willian},
  timestamp = {2015.02.11}
}

@article{ladikElectronicStructureConduction1986,
  title = {On the Electronic Structure and Conduction Properties of Aperiodic {{DNA}} and Proteins. {{I}}. {{Strategy}} and Methods of Investigations},
  author = {Ladik, J. and Seel, M. and Otto, P. and Bakhshi, A. K.},
  date = {1986-10-01},
  journaltitle = {Chemical Physics},
  volume = {108},
  number = {2},
  pages = {203--214},
  issn = {0301-0104},
  doi = {10.1016/0301-0104(86)85042-X}
}

@article{Lahtinen_2011,
  title = {Interacting Non-{{Abelian}} Anyons as {{Majorana}} Fermions in the Honeycomb Lattice Model},
  author = {Lahtinen, Ville},
  date = {2011-07},
  journaltitle = {New Journal of Physics},
  volume = {13},
  number = {7},
  pages = {075009},
  publisher = {{IOP Publishing}},
  doi = {10.1088/1367-2630/13/7/075009}
}

@article{lahtinenNonAbelianStatisticsBerry2009,
  title = {Non-{{Abelian}} Statistics as a {{Berry}} Phase in Exactly Solvable Models},
  author = {Lahtinen, Ville and Pachos, Jiannis K.},
  date = {2009-09},
  journaltitle = {New J. Phys.},
  volume = {11},
  number = {9},
  pages = {093027},
  publisher = {{IOP Publishing}},
  issn = {1367-2630},
  doi = {10.1088/1367-2630/11/9/093027},
  langid = {english}
}

@article{lahtinenTopologicalLiquidNucleation2012,
  title = {Topological Liquid Nucleation Induced by Vortex-Vortex Interactions in {{Kitaev}}'s Honeycomb Model},
  author = {Lahtinen, Ville and Ludwig, Andreas W. W. and Pachos, Jiannis K. and Trebst, Simon},
  date = {2012-08-09},
  journaltitle = {Phys. Rev. B},
  volume = {86},
  number = {7},
  pages = {075115},
  publisher = {{American Physical Society}},
  doi = {10.1103/PhysRevB.86.075115}
}

@book{landau2013fluid,
  title = {Fluid Mechanics: {{Landau}} and Lifshitz: {{Course}} of Theoretical Physics, Volume 6},
  author = {Landau, Lev Davidovich and Lifshitz, Evgenii Mikhailovich},
  date = {2013},
  volume = {6},
  publisher = {{Elsevier}}
}

@book{landauTheoryPhaseTransitions1937,
  title = {On the Theory of Phase Transitions. {{I}}},
  author = {Landau, Lev Davidovich},
  date = {1937},
  langid = {english}
}

@article{Laumann2012,
  title = {Disorder-Induced {{Majorana}} Metal in Interacting Non-{{Abelian}} Anyon Systems},
  author = {Laumann, Chris R. and Ludwig, Andreas W. W. and Huse, David A. and Trebst, Simon},
  date = {2012-04},
  journaltitle = {Phys. Rev. B},
  volume = {85},
  number = {16},
  pages = {161301},
  publisher = {{American Physical Society}},
  doi = {10.1103/PhysRevB.85.161301},
  pagetotal = {5}
}

@article{law1TTaS2QuantumSpin2017,
  title = {{{1T-TaS2}} as a Quantum Spin Liquid},
  author = {Law, K. T. and Lee, Patrick A.},
  date = {2017-07-03},
  journaltitle = {Proceedings of the National Academy of Sciences},
  volume = {114},
  number = {27},
  pages = {6996--7000},
  publisher = {{Proceedings of the National Academy of Sciences}},
  doi = {10.1073/pnas.1706769114}
}

@misc{leebAnomalousQuantumOscillations,
  title = {Anomalous {{Quantum Oscillations}} in a {{Heterostructure}} of {{Graphene}} on a {{Proximate Quantum Spin Liquid}}},
  author = {Leeb, Valentin}
}

@article{leeDopingMottInsulator2006,
  title = {Doping a {{Mott}} Insulator: {{Physics}} of High-Temperature Superconductivity},
  shorttitle = {Doping a {{Mott}} Insulator},
  author = {Lee, Patrick A. and Nagaosa, Naoto and Wen, Xiao-Gang},
  date = {2006-01-06},
  journaltitle = {Rev. Mod. Phys.},
  volume = {78},
  number = {1},
  pages = {17--85},
  publisher = {{American Physical Society}},
  doi = {10.1103/RevModPhys.78.17}
}

@article{lesikPerfectPreferentialOrientation2014,
  title = {Perfect Preferential Orientation of Nitrogen-Vacancy Defects in a Synthetic Diamond Sample},
  author = {Lesik, M. and Tetienne, J.-P. and Tallaire, A. and Achard, J. and Mille, V. and Gicquel, A. and Roch, J.-F. and Jacques, V.},
  date = {2014-03-17},
  journaltitle = {Appl. Phys. Lett.},
  volume = {104},
  number = {11},
  pages = {113107},
  issn = {0003-6951},
  doi = {10.1063/1.4869103}
}

@article{levin1973universal,
  title = {Universal Sequential Search Problems},
  author = {Levin, Leonid Anatolevich},
  date = {1973},
  journaltitle = {Problemy peredachi informatsii},
  volume = {9},
  number = {3},
  pages = {115--116},
  publisher = {{Russian Academy of Sciences, Branch of Informatics, Computer Equipment and \ldots}}
}

@book{levinMarkovChainsMixing2017,
  title = {Markov {{Chains}} and {{Mixing Times}}},
  author = {Levin, David A. and Peres, Yuval},
  date = {2017-10-31},
  eprint = {f208DwAAQBAJ},
  eprinttype = {googlebooks},
  publisher = {{American Mathematical Soc.}},
  isbn = {978-1-4704-2962-1},
  langid = {english},
  pagetotal = {465}
}

@article{lieb_flux_1994,
  title = {Flux {{Phase}} of the {{Half-Filled Band}}},
  author = {Lieb, Elliott H.},
  date = {1994-10},
  journaltitle = {Physical Review Letters},
  volume = {73},
  number = {16},
  pages = {2158--2161},
  doi = {10.1103/PhysRevLett.73.2158}
}

@incollection{Lieb2004,
  title = {Fluxes, Laplacians, and Kasteleyn's Theorem},
  author = {Lieb, Elliott H. and Loss, Michael},
  editor = {Nachtergaele, Bruno and Solovej, Jan Philip and Yngvason, Jakob},
  date = {2004},
  pages = {457--483},
  publisher = {{Springer Berlin Heidelberg}},
  location = {{Berlin, Heidelberg}}
}

@article{liebAbsenceMottTransition1968,
  title = {Absence of {{Mott Transition}} in an {{Exact Solution}} of the {{Short-Range}}, {{One-Band Model}} in {{One Dimension}}},
  author = {Lieb, Elliott H. and Wu, F. Y.},
  date = {1968-06-17},
  journaltitle = {Phys. Rev. Lett.},
  volume = {20},
  number = {25},
  pages = {1445--1448},
  doi = {10.1103/PhysRevLett.20.1445}
}

@article{linExactSymmetryWeaklyinteracting1998,
  title = {Exact {{SO}}(8) Symmetry in the Weakly-Interacting Two-Leg Ladder},
  author = {Lin, Hsiu-Hau and Balents, Leon and Fisher, Matthew P. A.},
  date = {1998-07-15},
  journaltitle = {Phys. Rev. B},
  volume = {58},
  number = {4},
  pages = {1794--1825},
  publisher = {{American Physical Society}},
  doi = {10.1103/PhysRevB.58.1794}
}

@article{lipkinValidityManybodyApproximation1965,
  title = {Validity of Many-Body Approximation Methods for a Solvable Model. ({{I}}). {{Exact}} Solutions and Perturbation Theory},
  author = {Lipkin, H. J. and Meshkov, N. and Glick, A. J.},
  date = {1965-02-01},
  journaltitle = {Nuclear Physics},
  volume = {62},
  pages = {188--198},
  doi = {10.1016/0029-5582(65)90862-X}
}

@article{liuSelflearningMonteCarlo2017,
  title = {Self-Learning {{Monte Carlo}} Method},
  author = {Liu, Junwei and Qi, Yang and Meng, Zi Yang and Fu, Liang},
  date = {2017-01-04},
  journaltitle = {Phys. Rev. B},
  volume = {95},
  number = {4},
  pages = {041101},
  doi = {10.1103/PhysRevB.95.041101}
}

@misc{LongRangeFalikovKimball2021arxiv,
  title = {The One-Dimensional {{Long-Range Falikov-Kimball Model}}: {{Thermal Phase Transition}} and {{Disorder-Free Localisation}}},
  shorttitle = {The One-Dimensional {{Long-Range Falikov-Kimball Model}}},
  author = {Hodson, Thomas and Wilsher, Josef and Knolle, Johannes},
  date = {2021-03-22},
  eprint = {2103.11735},
  eprinttype = {arxiv},
  url = {http://arxiv.org/abs/2103.11735},
  urldate = {2021-06-29},
  archiveprefix = {arXiv}
}

@article{luoSpontaneousChiralspinOrdering2022,
  title = {Spontaneous Chiral-Spin Ordering in Spin-Orbit Coupled Honeycomb Magnets},
  author = {Luo, Qiang and Stavropoulos, P. Peter and Gordon, Jacob S. and Kee, Hae-Young},
  date = {2022-01-31},
  journaltitle = {Phys. Rev. Research},
  volume = {4},
  number = {1},
  pages = {013062},
  publisher = {{American Physical Society}},
  doi = {10.1103/PhysRevResearch.4.013062}
}

@book{MagnetismCondensedMatter,
  title = {Magnetism in {{Condensed Matter}}},
  author = {Blundell, Stephen},
  date = {2001-10-04},
  eprint = {OGhGmgEACAAJ},
  eprinttype = {googlebooks},
  publisher = {{OUP Oxford}},
  isbn = {978-0-19-850591-4},
  langid = {english},
  pagetotal = {256}
}

@article{makseMethodGeneratingLongrange1996,
  title = {Method for Generating Long-Range Correlations for Large Systems},
  author = {Makse, Hern\'an A. and Havlin, Shlomo and Schwartz, Moshe and Stanley, H. Eugene},
  date = {1996-05-01},
  journaltitle = {Phys. Rev. E},
  volume = {53},
  number = {5},
  pages = {5445--5449},
  doi = {10.1103/PhysRevE.53.5445}
}

@misc{mannaNoncrystallineTopologicalSuperconductors2022,
  title = {Noncrystalline Topological Superconductors},
  author = {Manna, Sourav and Das, Sanjib Kumar and Roy, Bitan},
  date = {2022-07-05},
  number = {arXiv:2207.02203},
  eprint = {2207.02203},
  eprinttype = {arxiv},
  primaryclass = {cond-mat},
  publisher = {{arXiv}},
  url = {http://arxiv.org/abs/2207.02203},
  urldate = {2022-08-22},
  archiveprefix = {arXiv}
}

@article{manousakisSpinTextonehalfHeisenberg1991,
  title = {The Spin-\textbackslash textonehalf\{\} {{Heisenberg}} Antiferromagnet on a Square Lattice and Its Application to the Cuprous Oxides},
  author = {Manousakis, Efstratios},
  date = {1991-01-01},
  journaltitle = {Rev. Mod. Phys.},
  volume = {63},
  number = {1},
  pages = {1--62},
  doi = {10.1103/RevModPhys.63.1}
}

@article{marsalTopologicalWeaireThorpe2020,
  title = {Topological {{Weaire}}\textendash{{Thorpe}} Models of Amorphous Matter},
  author = {Marsal, Quentin and Varjas, D\'aniel and Grushin, Adolfo G.},
  date = {2020-12},
  journaltitle = {Proceedings of the National Academy of Sciences},
  volume = {117},
  number = {48},
  pages = {30260--30265},
  publisher = {{Proceedings of the National Academy of Sciences}},
  doi = {10.1073/pnas.2007384117}
}

@article{marsalTopologicalWeaireThorpeModels2020,
  title = {Topological {{Weaire-Thorpe}} Models of Amorphous Matter},
  author = {Marsal, Quentin and Varjas, Daniel and Grushin, Adolfo G.},
  date = {2020-12},
  journaltitle = {Proc. Natl. Acad. Sci. U.S.A.},
  volume = {117},
  number = {48},
  pages = {30260--30265},
  issn = {0027-8424, 1091-6490},
  doi = {10.1073/pnas.2007384117},
  archiveprefix = {arXiv},
  eprintclass = {cond-mat}
}

@article{martinMagneticImagingForce1987,
  title = {Magnetic Imaging by ``Force Microscopy'' with 1000 {{\AA}} Resolution},
  author = {Martin, Y. and Wickramasinghe, H. K.},
  date = {1987-05-18},
  journaltitle = {Appl. Phys. Lett.},
  volume = {50},
  number = {20},
  pages = {1455--1457},
  issn = {0003-6951},
  doi = {10.1063/1.97800}
}

@article{maskaThermodynamicsTwodimensionalFalicovKimball2006,
  ids = {maskaThermodynamicsTwodimensionalFalicovKimball2006a},
  title = {Thermodynamics of the Two-Dimensional {{Falicov-Kimball}} Model: {{A}} Classical {{Monte Carlo}} Study},
  shorttitle = {Thermodynamics of the Two-Dimensional {{Falicov-Kimball}} Model},
  author = {Ma\'ska, Maciej M. and Czajka, Katarzyna},
  date = {2006-07-17},
  journaltitle = {Phys. Rev. B},
  volume = {74},
  number = {3},
  eprint = {cond-mat/0504533},
  eprinttype = {arxiv},
  pages = {035109},
  doi = {10.1103/PhysRevB.74.035109},
  archiveprefix = {arXiv}
}

@article{matulaSmallestlastOrderingClustering1983,
  title = {Smallest-Last Ordering and Clustering and Graph Coloring Algorithms},
  author = {Matula, David W. and Beck, Leland L.},
  date = {1983-07-01},
  journaltitle = {J. ACM},
  volume = {30},
  number = {3},
  pages = {417--427},
  issn = {0004-5411},
  doi = {10.1145/2402.322385}
}

@article{mazurenkoColdatomFermiHubbard2017,
  title = {A Cold-Atom {{Fermi}}\textendash{{Hubbard}} Antiferromagnet},
  author = {Mazurenko, Anton and Chiu, Christie S. and Ji, Geoffrey and Parsons, Maxwell F. and Kan\'asz-Nagy, M\'arton and Schmidt, Richard and Grusdt, Fabian and Demler, Eugene and Greif, Daniel and Greiner, Markus},
  date = {2017-05},
  journaltitle = {Nature},
  volume = {545},
  number = {7655},
  pages = {462--466},
  issn = {1476-4687},
  doi = {10.1038/nature22362},
  langid = {english}
}

@article{mcmillan1981electron,
  title = {Electron Tunneling Experiments on Amorphous Ge 1- x Au x},
  author = {McMillan, WL and Mochel, Jack},
  date = {1981},
  journaltitle = {Physical Review Letters},
  volume = {46},
  number = {8},
  pages = {556},
  publisher = {{APS}}
}

@online{MeasuringDefectStructure,
  title = {Measuring the Defect Structure Orientation of a Single {{NV}}- Centre in Diamond - {{IOPscience}}},
  url = {http://iopscience.iop.org/article/10.1088/1367-2630/16/6/063067/meta},
  urldate = {2018-05-14}
}

@online{MeinALDITALK,
  title = {Mein {{ALDI TALK}}},
  url = {https://www.alditalk-kundenbetreuung.de/de/},
  urldate = {2019-11-14},
  organization = {{Mein ALDI TALK}}
}

@article{meisel1981eliashberg,
  title = {Eliashberg Function in Amorphous Metals},
  author = {Meisel, L. V. and Cote, P. J.},
  date = {1981-06},
  journaltitle = {Phys. Rev. B},
  volume = {23},
  number = {11},
  pages = {5834--5838},
  publisher = {{American Physical Society}},
  doi = {10.1103/PhysRevB.23.5834},
  pagetotal = {0}
}

@book{meynMarkovChainsStochastic1993,
  title = {Markov {{Chains}} and {{Stochastic Stability}}},
  author = {Meyn, Sean P. and Tweedie, Richard L.},
  date = {1993},
  series = {Communications and {{Control Engineering}}},
  publisher = {{Springer-Verlag}},
  location = {{London}},
  url = {https://www.springer.com/gp/book/9781447132691},
  urldate = {2019-06-18},
  isbn = {978-1-4471-3269-1},
  langid = {english}
}

@online{MFP3DStandAlone,
  title = {{{MFP-3D Stand Alone AFM}}},
  url = {https://www.asylumresearch.com/Products/Mfp3DSA/Mfp3DSAProduct.shtml},
  urldate = {2018-05-09}
}

@online{MFP3DStandAlonea,
  title = {{{MFP-3D Stand Alone AFM}}},
  url = {https://www.asylumresearch.com/Products/Mfp3DSA/Mfp3DSAProduct.shtml},
  urldate = {2018-05-04}
}

@article{michelettiCompleteDevilTextquotesingles1997,
  title = {A Complete Devil\textbackslash textquotesingles Staircase in the {{Falicov}} - {{Kimball}} Model},
  author = {Micheletti, C. and Harris, A. B. and Yeomans, J. M.},
  date = {1997-11},
  journaltitle = {J. Phys. A: Math. Gen.},
  volume = {30},
  number = {21},
  pages = {L711--L717},
  publisher = {{IOP Publishing}},
  issn = {0305-4470},
  doi = {10.1088/0305-4470/30/21/002},
  langid = {english}
}

@article{micnasSuperconductivityNarrowbandSystems1990,
  title = {Superconductivity in Narrow-Band Systems with Local Nonretarded Attractive Interactions},
  author = {Micnas, R. and Ranninger, J. and Robaszkiewicz, S.},
  date = {1990-01-01},
  journaltitle = {Rev. Mod. Phys.},
  volume = {62},
  number = {1},
  pages = {113--171},
  publisher = {{American Physical Society}},
  doi = {10.1103/RevModPhys.62.113}
}

@article{MicroscopicTheorySuperconductivity,
  title = {Microscopic {{Theory}} of {{Superconductivity}}},
  author = {Bardeen, J. and Cooper, L. N. and Schrieffer, J. R.},
  date = {1957-04-01},
  journaltitle = {Phys. Rev.},
  volume = {106},
  number = {1},
  pages = {162--164},
  publisher = {{American Physical Society}},
  doi = {10.1103/PhysRev.106.162}
}

@article{misumiQuantumSpinLiquid2020,
  title = {Quantum {{Spin Liquid State}} in a {{Two-Dimensional Semiconductive Metal}}\textendash{{Organic Framework}}},
  author = {Misumi, Yuki and Yamaguchi, Akira and Zhang, Zhongyue and Matsushita, Taku and Wada, Nobuo and Tsuchiizu, Masahisa and Awaga, Kunio},
  date = {2020-09},
  journaltitle = {J. Am. Chem. Soc.},
  volume = {142},
  number = {39},
  pages = {16513--16517},
  issn = {0002-7863, 1520-5126},
  doi = {10.1021/jacs.0c05472},
  langid = {english}
}

@article{mitchellAmorphousTopologicalInsulators2018,
  title = {Amorphous Topological Insulators Constructed from Random Point Sets},
  author = {Mitchell, Noah P. and Nash, Lisa M. and Hexner, Daniel and Turner, Ari M. and Irvine, William T. M.},
  date = {2018-04},
  journaltitle = {Nature Phys},
  volume = {14},
  number = {4},
  pages = {380--385},
  publisher = {{Nature Publishing Group}},
  issn = {1745-2481},
  doi = {10.1038/s41567-017-0024-5},
  copyright = {2018 The Author(s)},
  langid = {english}
}

@article{morosanStronglyCorrelatedMaterials2012,
  title = {Strongly {{Correlated Materials}}},
  author = {Morosan, Emilia and Natelson, Douglas and Nevidomskyy, Andriy H. and Si, Qimiao},
  date = {2012-09-18},
  journaltitle = {Adv. Mater.},
  volume = {24},
  number = {36},
  eprint = {1309.4473},
  eprinttype = {arxiv},
  pages = {4896--4923},
  issn = {09359648},
  doi = {10.1002/adma.201202018},
  archiveprefix = {arXiv}
}

@article{mottBasisElectronTheory1949,
  title = {The {{Basis}} of the {{Electron Theory}} of {{Metals}}, with {{Special Reference}} to the {{Transition Metals}}},
  author = {Mott, N. F.},
  date = {1949-07},
  journaltitle = {Proc. Phys. Soc. A},
  volume = {62},
  number = {7},
  pages = {416--422},
  publisher = {{IOP Publishing}},
  issn = {0370-1298},
  doi = {10.1088/0370-1298/62/7/303},
  langid = {english}
}

@article{mottDiscussionPaperBoer1937,
  title = {Discussion of the Paper by de {{Boer}} and {{Verwey}}},
  author = {Mott, N. F. and Peierls, R.},
  date = {1937-08},
  journaltitle = {Proc. Phys. Soc.},
  volume = {49},
  pages = {72--73},
  publisher = {{IOP Publishing}},
  issn = {0959-5309},
  doi = {10.1088/0959-5309/49/4S/308},
  issue = {4S},
  langid = {english}
}

@book{mottMetalInsulatorTransitions1990,
  title = {Metal-{{Insulator Transitions}}},
  author = {Mott, Nevill},
  date = {1990-08-20},
  publisher = {{CRC Press}},
  location = {{London}},
  doi = {10.1201/b12795},
  isbn = {978-0-429-09488-0},
  pagetotal = {296}
}

@article{musiałMonteCarloSimulations2002,
  title = {Monte {{Carlo}} Simulations of {{Ising-like}} Phase Transitions in the Three-Dimensional {{Ashkin-Teller}} Model},
  author = {Musia\l, G. and D\c{e}bski, L. and Kamieniarz, G.},
  date = {2002-06-28},
  journaltitle = {Phys. Rev. B},
  volume = {66},
  number = {1},
  pages = {012407},
  doi = {10.1103/PhysRevB.66.012407}
}

@article{nagaokaFerromagnetismNarrowAlmost1966,
  title = {Ferromagnetism in a {{Narrow}}, {{Almost Half-Filled}} \$s\$ {{Band}}},
  author = {Nagaoka, Yosuke},
  date = {1966-07-08},
  journaltitle = {Phys. Rev.},
  volume = {147},
  number = {1},
  pages = {392--405},
  doi = {10.1103/PhysRev.147.392}
}

@article{Nasu_Thermal_2015,
  title = {Thermal Fractionalization of Quantum Spins in a {{Kitaev}} Model: {{Temperature-linear}} Specific Heat and Coherent Transport of {{Majorana}} Fermions},
  author = {Nasu, Joji and Udagawa, Masafumi and Motome, Yukitoshi},
  date = {2015-09},
  journaltitle = {Phys. Rev. B},
  volume = {92},
  number = {11},
  pages = {115122},
  publisher = {{American Physical Society}},
  doi = {10.1103/PhysRevB.92.115122},
  pagetotal = {6}
}

@article{nasuFermionicResponseFractionalization2016,
  title = {Fermionic Response from Fractionalization in an Insulating Two-Dimensional Magnet},
  author = {Nasu, J. and Knolle, J. and Kovrizhin, D. L. and Motome, Y. and Moessner, R.},
  date = {2016-10},
  journaltitle = {Nature Phys},
  volume = {12},
  number = {10},
  pages = {912--915},
  publisher = {{Nature Publishing Group}},
  issn = {1745-2481},
  doi = {10.1038/nphys3809},
  issue = {10},
  langid = {english},
  annotation = {Bandiera\_abtest: a Cg\_type: Nature Research Journals Primary\_atype: Research Subject\_term: Computational methods;Electronic properties and materials;Magnetic properties and materials Subject\_term\_id: computational-methods;electronic-properties-and-materials;magnetic-properties-and-materials}
}

@article{Natori2016,
  title = {Chiral Spin-Orbital Liquids with Nodal Lines},
  author = {Natori, W. M. H. and Andrade, E. C. and Miranda, E. and Pereira, R. G.},
  date = {2016-07},
  journaltitle = {Phys. Rev. Lett.},
  volume = {117},
  number = {1},
  pages = {017204},
  publisher = {{American Physical Society}},
  url = {https://link.aps.org/doi/10.1103/PhysRevLett.117.017204},
  pagetotal = {5}
}

@article{Natori2020,
  title = {Dynamics of a Two-Dimensional Quantum Spin-Orbital Liquid: {{Spectroscopic}} Signatures of Fermionic Magnons},
  author = {Natori, Willian M. H. and Knolle, Johannes},
  date = {2020-08},
  journaltitle = {Phys. Rev. Lett.},
  volume = {125},
  number = {6},
  pages = {067201},
  publisher = {{American Physical Society}},
  doi = {10.1103/PhysRevLett.125.067201},
  pagetotal = {6}
}

@article{nayakNonAbelianAnyonsTopological2008,
  title = {Non-{{Abelian}} Anyons and Topological Quantum Computation},
  author = {Nayak, Chetan and Simon, Steven H. and Stern, Ady and Freedman, Michael and Das Sarma, Sankar},
  date = {2008-09-12},
  journaltitle = {Rev. Mod. Phys.},
  volume = {80},
  number = {3},
  pages = {1083--1159},
  publisher = {{American Physical Society}},
  doi = {10.1103/RevModPhys.80.1083}
}

@article{nealAnnealedImportanceSampling2001,
  title = {Annealed Importance Sampling},
  author = {Neal, Radford M.},
  date = {2001-04-01},
  journaltitle = {Statistics and Computing},
  volume = {11},
  number = {2},
  pages = {125--139},
  issn = {1573-1375},
  doi = {10.1023/A:1008923215028},
  langid = {english}
}

@article{nealSamplingMultimodalDistributions1996,
  title = {Sampling from Multimodal Distributions Using Tempered Transitions},
  author = {Neal, Radford M.},
  date = {1996-12-01},
  journaltitle = {Stat Comput},
  volume = {6},
  number = {4},
  pages = {353--366},
  issn = {1573-1375},
  doi = {10.1007/BF00143556},
  langid = {english}
}

@book{neilw.ashcroftSolidStatePhysics1976,
  title = {Solid State Physics},
  author = {{Neil W. Ashcroft}},
  date = {1976},
  publisher = {{Holt, Rinehart and Winston}},
  url = {http://archive.org/details/solidstatephysic00ashc},
  urldate = {2022-02-16},
  editora = {{Internet Archive}},
  editoratype = {collaborator},
  isbn = {978-0-03-083993-1},
  langid = {english},
  pagetotal = {858}
}

@article{neumannWahrscheinlichkeitstheoretischerAufbauQuantenmechanik1927,
  title = {Wahrscheinlichkeitstheoretischer Aufbau der Quantenmechanik},
  author = {family=Neumann, given=J., prefix=von, useprefix=false},
  date = {1927},
  journaltitle = {Nachrichten von der Gesellschaft der Wissenschaften zu G\"ottingen, Mathematisch-Physikalische Klasse},
  volume = {1927},
  pages = {245--272},
  url = {https://eudml.org/doc/59230},
  urldate = {2018-05-07},
  langid = {und}
}

@article{Nussinov2009,
  title = {Bond Algebras and Exact Solvability of {{Hamiltonians}}: Spin {{S}}={$\frac{1}{2}$} Multilayer Systems},
  author = {Nussinov, Zohar and Ortiz, Gerardo},
  date = {2009},
  journaltitle = {Physical Review B},
  volume = {79},
  number = {21},
  pages = {214440},
  doi = {10.1103/PhysRevB.79.214440},
  pagetotal = {12}
}

@article{obrienClassificationGaplessZ22016,
  title = {Classification of Gapless {{Z2}} Spin Liquids in Three-Dimensional {{Kitaev}} Models},
  author = {O'Brien, Kevin and Hermanns, Maria and Trebst, Simon},
  date = {2016-02-01},
  journaltitle = {Phys. Rev. B},
  volume = {93},
  number = {8},
  eprint = {1511.05569},
  eprinttype = {arxiv},
  pages = {085101},
  issn = {2469-9950, 2469-9969},
  doi = {10.1103/PhysRevB.93.085101},
  archiveprefix = {arXiv}
}

@article{OBrienPRB2016,
  title = {Classification of Gapless {{Z}}{$_2$} Spin Liquids in Three-Dimensional {{Kitaev}} Models},
  author = {O'Brien, Kevin and Hermanns, Maria and Trebst, Simon},
  date = {2016-02},
  journaltitle = {Phys. Rev. B},
  volume = {93},
  number = {8},
  pages = {085101},
  publisher = {{American Physical Society}},
  doi = {10.1103/PhysRevB.93.085101},
  pagetotal = {34}
}

@article{oshikawaFractionalizationTopologicalOrder2006,
  title = {Fractionalization, {{Topological Order}}, and {{Quasiparticle Statistics}}},
  author = {Oshikawa, Masaki and Senthil, T.},
  date = {2006-02-13},
  journaltitle = {Phys. Rev. Lett.},
  volume = {96},
  number = {6},
  pages = {060601},
  publisher = {{American Physical Society}},
  doi = {10.1103/PhysRevLett.96.060601}
}

@article{oshikawaTopologicalDegeneracyNonAbelian2007,
  title = {Topological Degeneracy of Non-{{Abelian}} States for Dummies},
  author = {Oshikawa, Masaki and Kim, Yong Baek and Shtengel, Kirill and Nayak, Chetan and Tewari, Sumanta},
  date = {2007-06-01},
  journaltitle = {Annals of Physics},
  volume = {322},
  number = {6},
  pages = {1477--1498},
  issn = {0003-4916},
  doi = {10.1016/j.aop.2006.08.001},
  langid = {english}
}

@video{parkerWhyDoesThis,
  title = {Why Does This Balloon Have -1 Holes?},
  editor = {Parker, Matt},
  url = {https://www.youtube.com/watch?v=ymF1bp-qrjU},
  urldate = {2022-08-02},
  editortype = {director},
  langid = {british}
}

@online{PDFRelationsShort,
  title = {({{PDF}}) {{Relations}} between {{Short Range}} and {{Long Range Ising}} Models},
  url = {https://www.researchgate.net/publication/259915323_Relations_between_Short_Range_and_Long_Range_Ising_models},
  urldate = {2020-09-17},
  langid = {english},
  organization = {{ResearchGate}}
}

@article{pedrocchiPhysicalSolutionsKitaev2011,
  ids = {pedrocchiPhysicalSolutionsKitaev2011a,pedrocchiPhysicalSolutionsKitaev2011b},
  title = {Physical Solutions of the {{Kitaev}} Honeycomb Model},
  author = {Pedrocchi, Fabio L. and Chesi, Stefano and Loss, Daniel},
  date = {2011-10-10},
  journaltitle = {Phys. Rev. B},
  volume = {84},
  number = {16},
  pages = {165414},
  issn = {1098-0121, 1550-235X},
  doi = {10.1103/PhysRevB.84.165414},
  langid = {english}
}

@article{peierlsIsingModelFerromagnetism1936,
  ids = {peierlsIsingModelFerromagnetism1936a},
  title = {On {{Ising}}'s Model of Ferromagnetism},
  author = {Peierls, R.},
  date = {1936-10},
  journaltitle = {Mathematical Proceedings of the Cambridge Philosophical Society},
  volume = {32},
  number = {3},
  pages = {477--481},
  publisher = {{Cambridge University Press}},
  issn = {1469-8064, 0305-0041},
  doi = {10.1017/S0305004100019174},
  langid = {english}
}

@article{peierlsZurTheorieDiamagnetismus1933,
  title = {Zur Theorie des Diamagnetismus von Leitungselektronen},
  author = {Peierls, R.},
  date = {1933-11-01},
  journaltitle = {Z. Physik},
  volume = {80},
  number = {11},
  pages = {763--791},
  issn = {0044-3328},
  doi = {10.1007/BF01342591},
  langid = {ngerman}
}

@article{pelliccioneScannedProbeImaging2016,
  title = {Scanned Probe Imaging of Nanoscale Magnetism at Cryogenic Temperatures with a Single-Spin Quantum Sensor},
  author = {Pelliccione, Matthew and Jenkins, Alec and Ovartchaiyapong, Preeti and Reetz, Christopher and Emmanouilidou, Eve and Ni, Ni and Bleszynski Jayich, Ania C.},
  date = {2016-08},
  journaltitle = {Nature Nanotechnology},
  volume = {11},
  number = {8},
  pages = {700--705},
  issn = {1748-3395},
  doi = {10.1038/nnano.2016.68},
  langid = {english}
}

@article{Pereira2020,
  title = {Electrical Access to Ising Anyons in Kitaev Spin Liquids},
  author = {Pereira, Rodrigo G. and Egger, Reinhold},
  date = {2020-11},
  journaltitle = {Phys. Rev. Lett.},
  volume = {125},
  number = {22},
  pages = {227202},
  publisher = {{American Physical Society}},
  doi = {10.1103/PhysRevLett.125.227202},
  pagetotal = {6}
}

@article{Peri2020,
  title = {Non-{{Abelian}} Chiral Spin Liquid on a Simple Non-{{Archimedean}} Lattice},
  author = {Peri, V. and Ok, S. and Tsirkin, S. S. and Neupert, T. and Baskaran, G. and Greiter, M. and Moessner, R. and Thomale, R.},
  date = {2020-01},
  journaltitle = {Phys. Rev. B},
  volume = {101},
  number = {4},
  pages = {041114},
  publisher = {{American Physical Society}},
  doi = {10.1103/PhysRevB.101.041114},
  pagetotal = {5}
}

@article{periNonAbelianChiralSpin2020,
  title = {Non-{{Abelian}} Chiral Spin Liquid on a Simple Non-{{Archimedean}} Lattice},
  author = {Peri, Valerio and Ok, Seulgi and Tsirkin, Stepan S. and Neupert, Titus and Baskaran, Ganapathy and Greiter, Martin and Moessner, Roderich and Thomale, Ronny},
  date = {2020-01-30},
  journaltitle = {Phys. Rev. B},
  volume = {101},
  number = {4},
  eprint = {1908.05280},
  eprinttype = {arxiv},
  pages = {041114},
  issn = {2469-9950, 2469-9969},
  doi = {10.1103/PhysRevB.101.041114},
  archiveprefix = {arXiv}
}

@article{perreaultResonantRamanScattering2016,
  title = {Resonant {{Raman}} Scattering Theory for {{Kitaev}} Models and Their {{Majorana}} Fermion Boundary Modes},
  author = {Perreault, Brent and Knolle, Johannes and Perkins, Natalia B. and Burnell, F. J.},
  date = {2016-09-26},
  journaltitle = {Phys. Rev. B},
  volume = {94},
  number = {10},
  pages = {104427},
  publisher = {{American Physical Society}},
  doi = {10.1103/PhysRevB.94.104427}
}

@article{peru_preprint,
  title = {Quantised Bulk Conductivity as a Local Chern Marker},
  author = {family=Ornellas, given=Peru, prefix=d', useprefix=true and Barnett, Ryan and Lee, Derek K. K.},
  date = {2022},
  journaltitle = {arXiv preprint},
  publisher = {{arXiv}},
  doi = {10.48550/ARXIV.2207.01389},
  copyright = {arXiv.org perpetual, non-exclusive license}
}

@article{Petrakovski1981,
  title = {Amorphous Magnetic Materials},
  author = {Petrakovskii, G A},
  date = {1981-06},
  journaltitle = {Soviet Physics Uspekhi},
  volume = {24},
  number = {6},
  pages = {511--525},
  publisher = {{IOP Publishing}},
  doi = {10.1070/pu1981v024n06abeh004850}
}

@article{petrovaUnpairedMajoranaModes2014,
  title = {Unpaired {{Majorana}} Modes on Dislocations and String Defects in {{Kitaev}}'s Honeycomb Model},
  author = {Petrova, O. and Mellado, P. and Tchernyshyov, O.},
  date = {2014},
  doi = {10.1103/PhysRevB.90.134404}
}

@article{petrovaUnpairedMajoranaModes2014a,
  title = {Unpaired {{Majorana}} Modes on Dislocations and String Defects in {{Kitaev}}'s Honeycomb Model},
  author = {Petrova, Olga and Mellado, Paula and Tchernyshyov, Oleg},
  date = {2014-10-07},
  journaltitle = {Phys. Rev. B},
  volume = {90},
  number = {13},
  eprint = {1406.6407},
  eprinttype = {arxiv},
  pages = {134404},
  issn = {1098-0121, 1550-235X},
  doi = {10.1103/PhysRevB.90.134404},
  archiveprefix = {arXiv}
}

@online{PhysRev109,
  title = {Phys. {{Rev}}. 109, 1492 (1958) - {{Absence}} of {{Diffusion}} in {{Certain Random Lattices}}},
  url = {https://journals.aps.org/pr/abstract/10.1103/PhysRev.109.1492},
  urldate = {2019-07-07}
}

@online{PhysRev84,
  title = {Phys. {{Rev}}. {{B}} 84, 165414 (2011) - {{Physical}} Solutions of the {{Kitaev}} Honeycomb Model},
  url = {https://journals.aps.org/prb/abstract/10.1103/PhysRevB.84.165414},
  urldate = {2022-05-20}
}

@online{PhysRevLett,
  title = {Phys. {{Rev}}. {{Lett}}. 42, 673 (1979) - {{Scaling Theory}} of {{Localization}}: {{Absence}} of {{Quantum Diffusion}} in {{Two Dimensions}}},
  url = {https://journals.aps.org/prl/abstract/10.1103/PhysRevLett.42.673},
  urldate = {2018-12-11}
}

@article{plascak2000ising,
  title = {Ising Model for Disordered Ferromagnetic {{Fe- Al}} Alloys},
  author = {Plascak, JA and Zamora, Ligia E and Alcazar, GA P\'erez},
  date = {2000},
  journaltitle = {Physical Review B},
  volume = {61},
  number = {5},
  pages = {3188},
  publisher = {{APS}}
}

@article{pollockSimulationQuantumManybody1984,
  title = {Simulation of Quantum Many-Body Systems by Path-Integral Methods},
  author = {Pollock, E. L. and Ceperley, D. M.},
  date = {1984-09-01},
  journaltitle = {Phys. Rev. B},
  volume = {30},
  number = {5},
  pages = {2555--2568},
  doi = {10.1103/PhysRevB.30.2555}
}

@article{poulinStabilizerFormalismOperator2005,
  title = {Stabilizer {{Formalism}} for {{Operator Quantum Error Correction}}},
  author = {Poulin, David},
  date = {2005-12-01},
  journaltitle = {Phys. Rev. Lett.},
  volume = {95},
  number = {23},
  pages = {230504},
  publisher = {{American Physical Society}},
  doi = {10.1103/PhysRevLett.95.230504}
}

@article{prokofevExactCompleteUniversal1998,
  title = {Exact, Complete, and Universal Continuous-Time Worldline {{Monte Carlo}} Approach to the Statistics of Discrete Quantum Systems},
  author = {Prokof'ev, N. V. and Svistunov, B. V. and Tupitsyn, I. S.},
  date = {1998-08-01},
  journaltitle = {J. Exp. Theor. Phys.},
  volume = {87},
  number = {2},
  pages = {310--321},
  issn = {1090-6509},
  doi = {10.1134/1.558661},
  langid = {english}
}

@article{pruschkeHubbardModelInfinite1993,
  title = {Hubbard Model at Infinite Dimensions: {{Thermodynamic}} and Transport Properties},
  shorttitle = {Hubbard Model at Infinite Dimensions},
  author = {Pruschke, Th. and Cox, D. L. and Jarrell, M.},
  date = {1993-02-15},
  journaltitle = {Phys. Rev. B},
  volume = {47},
  number = {7},
  pages = {3553--3565},
  publisher = {{American Physical Society}},
  doi = {10.1103/PhysRevB.47.3553}
}

@article{qi_general_2006,
  title = {General Theorem Relating the Bulk Topological Number to Edge States in Two-Dimensional Insulators},
  author = {Qi, Xiao-Liang and Wu, Yong-Shi and Zhang, Shou-Cheng},
  date = {2006-07},
  journaltitle = {Physical Review B},
  volume = {74},
  number = {4},
  pages = {045125},
  doi = {10.1103/PhysRevB.74.045125}
}

@article{Ralko2020,
  title = {Novel Chiral Quantum Spin Liquids in Kitaev Magnets},
  author = {Ralko, Arnaud and Merino, Jaime},
  date = {2020-05},
  journaltitle = {Phys. Rev. Lett.},
  volume = {124},
  number = {21},
  pages = {217203},
  publisher = {{American Physical Society}},
  doi = {10.1103/PhysRevLett.124.217203},
  pagetotal = {6}
}

@article{Rau2014,
  title = {Generic Spin Model for the Honeycomb Iridates beyond the Kitaev Limit},
  author = {Rau, Jeffrey G. and Lee, Eric Kin-Ho and Kee, Hae-Young},
  date = {2014-02},
  journaltitle = {Phys. Rev. Lett.},
  volume = {112},
  number = {7},
  pages = {077204},
  publisher = {{American Physical Society}},
  doi = {10.1103/PhysRevLett.112.077204},
  pagetotal = {5}
}

@article{ribakGaplessExcitationsGround2017,
  title = {Gapless Excitations in the Ground State of \${{1T}}\textbackslash text\{\textbackslash ensuremath\{-\}\}\{\textbackslash mathrm\{\vphantom{\}\}}{{TaS}}\vphantom\{\}\vphantom\{\}\_\{2\}\$},
  author = {Ribak, A. and Silber, I. and Baines, C. and Chashka, K. and Salman, Z. and Dagan, Y. and Kanigel, A.},
  date = {2017-11-15},
  journaltitle = {Phys. Rev. B},
  volume = {96},
  number = {19},
  pages = {195131},
  publisher = {{American Physical Society}},
  doi = {10.1103/PhysRevB.96.195131}
}

@article{ribicNonlocalCorrelationsSpectral2016,
  title = {Nonlocal Correlations and Spectral Properties of the {{Falicov-Kimball}} Model},
  author = {Ribic, T. and Rohringer, G. and Held, K.},
  date = {2016-05-02},
  journaltitle = {Phys. Rev. B},
  volume = {93},
  number = {19},
  eprint = {1602.07161},
  eprinttype = {arxiv},
  pages = {195105},
  issn = {2469-9950, 2469-9969},
  doi = {10.1103/PhysRevB.93.195105},
  archiveprefix = {arXiv}
}

@article{ribicNonlocalCorrelationsSpectral2016a,
  title = {Nonlocal Correlations and Spectral Properties of the {{Falicov-Kimball}} Model},
  author = {Ribic, T. and Rohringer, G. and Held, K.},
  date = {2016-05-02},
  journaltitle = {Phys. Rev. B},
  volume = {93},
  number = {19},
  pages = {195105},
  publisher = {{American Physical Society}},
  doi = {10.1103/PhysRevB.93.195105}
}

@article{ringel_solution_1968,
  title = {Solution of the Heawood Map-Coloring Problem},
  author = {Ringel, G and Youngs, J W},
  date = {1968-06},
  journaltitle = {Proceedings of the National Academy of Sciences of the United States of America},
  volume = {60},
  number = {2},
  pages = {438--445},
  issn = {0027-8424},
  doi = {10.1073/pnas.60.2.438},
  langid = {english}
}

@inproceedings{robertson1996efficiently,
  title = {Efficiently Four-Coloring Planar Graphs},
  booktitle = {Proceedings of the Twenty-Eighth Annual {{ACM}} Symposium on {{Theory}} of Computing},
  author = {Robertson, Neil and Sanders, Daniel P and Seymour, Paul and Thomas, Robin},
  date = {1996},
  pages = {571--575}
}

@article{robertsWeakConvergenceOptimal1997,
  title = {Weak Convergence and Optimal Scaling of Random Walk {{Metropolis}} Algorithms},
  author = {Roberts, G. O. and Gelman, A. and Gilks, W. R.},
  date = {1997-02},
  journaltitle = {Ann. Appl. Probab.},
  volume = {7},
  number = {1},
  pages = {110--120},
  issn = {1050-5164, 2168-8737},
  doi = {10.1214/aoap/1034625254},
  langid = {english},
  mrnumber = {MR1428751},
  zmnumber = {0876.60015}
}

@article{rondinMagnetometryNitrogenvacancyDefects2014,
  title = {Magnetometry with Nitrogen-Vacancy Defects in Diamond},
  author = {Rondin, L. and Tetienne, J.-P. and Hingant, T. and Roch, J.-F. and Maletinsky, P. and Jacques, V.},
  date = {2014},
  journaltitle = {Rep. Prog. Phys.},
  volume = {77},
  number = {5},
  pages = {056503},
  issn = {0034-4885},
  doi = {10.1088/0034-4885/77/5/056503},
  langid = {english}
}

@article{rondinStrayfieldImagingMagnetic2013,
  title = {Stray-Field Imaging of Magnetic Vortices with a Single Diamond Spin},
  author = {Rondin, L. and Tetienne, J.-P. and Rohart, S. and Thiaville, A. and Hingant, T. and Spinicelli, P. and Roch, J.-F. and Jacques, V.},
  date = {2013-07-31},
  journaltitle = {Nature Communications},
  volume = {4},
  pages = {2279},
  issn = {2041-1723},
  doi = {10.1038/ncomms3279},
  langid = {english}
}

@article{rondinSurfaceinducedChargeState2010,
  title = {Surface-Induced Charge State Conversion of Nitrogen-Vacancy Defects in Nanodiamonds},
  author = {Rondin, L. and Dantelle, G. and Slablab, A. and Grosshans, F. and Treussart, F. and Bergonzo, P. and Perruchas, S. and Gacoin, T. and Chaigneau, M. and Chang, H.-C. and Jacques, V. and Roch, J.-F.},
  date = {2010-09-28},
  journaltitle = {Phys. Rev. B},
  volume = {82},
  number = {11},
  pages = {115449},
  doi = {10.1103/PhysRevB.82.115449}
}

@article{rudermanIndirectExchangeCoupling1954,
  title = {Indirect {{Exchange Coupling}} of {{Nuclear Magnetic Moments}} by {{Conduction Electrons}}},
  author = {Ruderman, M. A. and Kittel, C.},
  date = {1954-10-01},
  journaltitle = {Phys. Rev.},
  volume = {96},
  number = {1},
  pages = {99--102},
  publisher = {{American Physical Society}},
  doi = {10.1103/PhysRev.96.99}
}

@article{ruelleStatisticalMechanicsOnedimensional1968,
  title = {Statistical Mechanics of a One-Dimensional Lattice Gas},
  author = {Ruelle, D.},
  date = {1968},
  journaltitle = {Comm. Math. Phys.},
  volume = {9},
  pages = {267--278},
  issn = {0010-3616},
  url = {https://mathscinet.ams.org/mathscinet-getitem?mr=0234697},
  urldate = {2019-01-28},
  mrnumber = {0234697}
}

@article{rugarSingleSpinDetection2004,
  title = {Single Spin Detection by Magnetic Resonance Force Microscopy},
  author = {Rugar, D. and Budakian, R. and Mamin, H. J. and Chui, B. W.},
  date = {2004-07},
  journaltitle = {Nature},
  volume = {430},
  number = {6997},
  pages = {329--332},
  issn = {1476-4687},
  doi = {10.1038/nature02658},
  langid = {english}
}

@article{rusinCalculationRKKYRange2017,
  title = {On Calculation of {{RKKY}} Range Function in One Dimension},
  author = {Rusin, Tomasz M. and Zawadzki, Wlodek},
  date = {2017-11-01},
  journaltitle = {Journal of Magnetism and Magnetic Materials},
  volume = {441},
  eprint = {1701.06198},
  eprinttype = {arxiv},
  pages = {387--391},
  issn = {0304-8853},
  doi = {10.1016/j.jmmm.2017.06.007},
  archiveprefix = {arXiv},
  langid = {english}
}

@article{saslowHistoryThermodynamicsMissing2020,
  title = {A {{History}} of {{Thermodynamics}}: {{The Missing Manual}}},
  shorttitle = {A {{History}} of {{Thermodynamics}}},
  author = {Saslow, Wayne M.},
  date = {2020-01-07},
  journaltitle = {Entropy (Basel)},
  volume = {22},
  number = {1},
  eprint = {33285852},
  eprinttype = {pmid},
  pages = {77},
  issn = {1099-4300},
  doi = {10.3390/e22010077},
  pmcid = {PMC7516509}
}

@article{Savary2016,
  title = {Quantum Spin Liquids: A Review},
  author = {Savary, Lucile and Balents, Leon},
  date = {2017},
  journaltitle = {Reports on Progress in Physics},
  volume = {80},
  number = {1},
  pages = {016502}
}

@article{savaryDisorderInducedQuantumSpin2017,
  title = {Disorder-{{Induced Quantum Spin Liquid}} in {{Spin Ice Pyrochlores}}},
  author = {Savary, Lucile and Balents, Leon},
  date = {2017-02-23},
  journaltitle = {Phys. Rev. Lett.},
  volume = {118},
  number = {8},
  pages = {087203},
  publisher = {{American Physical Society}},
  doi = {10.1103/PhysRevLett.118.087203}
}

@article{schiulazDynamicsManybodyLocalized2015,
  title = {Dynamics in Many-Body Localized Quantum Systems without Disorder},
  author = {Schiulaz, Mauro and Silva, Alessandro and M\"uller, Markus},
  date = {2015-05-06},
  journaltitle = {Phys. Rev. B},
  volume = {91},
  number = {18},
  pages = {184202},
  doi = {10.1103/PhysRevB.91.184202}
}

@article{schreyvogelActiveChargeState2015,
  title = {Active Charge State Control of Single {{NV}} Centres in Diamond by In-Plane {{Al-Schottky}} Junctions},
  author = {Schreyvogel, C. and Polyakov, V. and Wunderlich, R. and Meijer, J. and Nebel, C. E.},
  date = {2015-07-16},
  journaltitle = {Scientific Reports},
  volume = {5},
  pages = {12160},
  issn = {2045-2322},
  doi = {10.1038/srep12160},
  langid = {english}
}

@article{schreyvogelActiveChargeState2015a,
  title = {Active Charge State Control of Single {{NV}} Centres in Diamond by In-Plane {{Al-Schottky}} Junctions},
  author = {Schreyvogel, C. and Polyakov, V. and Wunderlich, R. and Meijer, J. and Nebel, C. E.},
  date = {2015-07-16},
  journaltitle = {Scientific Reports},
  volume = {5},
  pages = {12160},
  issn = {2045-2322},
  doi = {10.1038/srep12160},
  langid = {english}
}

@article{Seifert2020,
  title = {Fractionalized Fermionic Quantum Criticality in Spin-Orbital Mott Insulators},
  author = {Seifert, Urban F. P. and Dong, Xiao-Yu and Chulliparambil, Sreejith and Vojta, Matthias and Tu, Hong-Hao and Janssen, Lukas},
  date = {2020-12},
  journaltitle = {Phys. Rev. Lett.},
  volume = {125},
  number = {25},
  pages = {257202},
  publisher = {{American Physical Society}},
  doi = {10.1103/PhysRevLett.125.257202},
  pagetotal = {7}
}

@article{sekatskiiNanometerresolutionScanningOptical1996,
  title = {Nanometer-Resolution Scanning Optical Microscope with Resonance Excitation of the Fluorescence of the Samples from a Single-Atom Excited Center},
  author = {Sekatskii, S. K. and Letokhov, V. S.},
  date = {1996-03-01},
  journaltitle = {Jetp Lett.},
  volume = {63},
  number = {5},
  pages = {319--323},
  issn = {0021-3640, 1090-6487},
  doi = {10.1134/1.567024},
  langid = {english}
}

@article{selfThermallyInducedMetallic2019,
  title = {Thermally Induced Metallic Phase in a Gapped Quantum Spin Liquid - a {{Monte Carlo}} Study of the {{Kitaev}} Model with Parity Projection},
  author = {Self, Chris N. and Knolle, Johannes and Iblisdir, Sofyan and Pachos, Jiannis K.},
  date = {2019-01-25},
  journaltitle = {Phys. Rev. B},
  volume = {99},
  number = {4},
  eprint = {1807.07926},
  eprinttype = {arxiv},
  primaryclass = {cond-mat, physics:quant-ph},
  pages = {045142},
  publisher = {{American Physical Society}},
  issn = {2469-9950, 2469-9969},
  doi = {10.1103/PhysRevB.99.045142},
  archiveprefix = {arXiv}
}

@article{Semeghini2021,
  title = {Probing Topological Spin Liquids on a Programmable Quantum Simulator},
  author = {Semeghini, G. and others},
  date = {2021},
  journaltitle = {Science},
  volume = {374},
  pages = {1242},
  doi = {10.1126/science.abi8794}
}

@unpublished{shamailovAndersonLocalisationTwo2020,
  title = {Anderson Localisation in Two Dimensions: Insights from {{Localisation Landscape Theory}}, Exact Diagonalisation, and Time-Dependent Simulations},
  shorttitle = {Anderson Localisation in Two Dimensions},
  author = {Shamailov, Sophie S. and Brown, Dylan J. and Haase, Thomas A. and Hoogerland, Maarten D.},
  date = {2020-08-08},
  eprint = {2003.00149},
  eprinttype = {arxiv},
  primaryclass = {cond-mat},
  url = {http://arxiv.org/abs/2003.00149},
  urldate = {2020-08-15},
  archiveprefix = {arXiv}
}

@unpublished{shamailovComputingEigenstateLocalisation2020,
  title = {Computing the Eigenstate Localisation Length from {{Localisation Landscape Theory}}},
  author = {Shamailov, Sophie S. and Brown, Dylan J. and Haase, Thomas A. and Hoogerland, Maarten D.},
  date = {2020-08-09},
  eprint = {2008.05442},
  eprinttype = {arxiv},
  primaryclass = {cond-mat},
  url = {http://arxiv.org/abs/2008.05442},
  urldate = {2020-08-15},
  archiveprefix = {arXiv}
}

@article{shoreLogarithmicallySlowDomain1992,
  title = {Logarithmically Slow Domain Growth in Nonrandomly Frustrated Systems: {{Ising}} Models with Competing Interactions},
  shorttitle = {Logarithmically Slow Domain Growth in Nonrandomly Frustrated Systems},
  author = {Shore, Joel D. and Holzer, Mark and Sethna, James P.},
  date = {1992-11-01},
  journaltitle = {Phys. Rev. B},
  volume = {46},
  number = {18},
  pages = {11376--11404},
  doi = {10.1103/PhysRevB.46.11376}
}

@article{simonHolonomyQuantumAdiabatic1983,
  title = {Holonomy, the {{Quantum Adiabatic Theorem}}, and {{Berry}}'s {{Phase}}},
  author = {Simon, Barry},
  date = {1983-12-12},
  journaltitle = {Phys. Rev. Lett.},
  volume = {51},
  number = {24},
  pages = {2167--2170},
  issn = {0031-9007},
  doi = {10.1103/PhysRevLett.51.2167},
  langid = {english}
}

@article{skulrattanakulchai4edgecoloringGraphsMaximum2002,
  title = {4-Edge-Coloring Graphs of Maximum Degree 3 in Linear Time},
  author = {Skulrattanakulchai, San},
  date = {2002},
  journaltitle = {Inf. Process. Lett.},
  volume = {81},
  number = {4},
  pages = {191--195},
  issn = {0020-0190},
  doi = {10.1016/S0020-0190(01)00221-6},
  langid = {english}
}

@article{slaterMagneticEffectsHartreeFock1951,
  title = {Magnetic {{Effects}} and the {{Hartree-Fock Equation}}},
  author = {Slater, J. C.},
  date = {1951-05-15},
  journaltitle = {Phys. Rev.},
  volume = {82},
  number = {4},
  pages = {538--541},
  publisher = {{American Physical Society}},
  doi = {10.1103/PhysRev.82.538}
}

@article{SlotPRX2019,
  title = {{{p}}-{{Band}} Engineering in Artificial Electronic Lattices},
  author = {Slot, M. R. and Kempkes, S. N. and Knol, E. J. and family=Weerdenburg, given=W. M. J., prefix=van, useprefix=true and family=Broeke, given=J. J., prefix=van den, useprefix=true and Wegner, D. and Vanmaekelbergh, D. and Khajetoorians, A. A. and Morais Smith, C. and Swart, I.},
  date = {2019-01},
  journaltitle = {Phys. Rev. X},
  volume = {9},
  number = {1},
  pages = {011009},
  publisher = {{American Physical Society}},
  doi = {10.1103/PhysRevX.9.011009},
  pagetotal = {6}
}

@article{Smith2019,
  title = {Simulating Quantum Many-Body Dynamics on a Current Digital Quantum Computer},
  author = {Smith, A. and Kim, M. S. and Pollmann, F. and Knolle, J.},
  date = {2019},
  journaltitle = {npj Quantum Information},
  volume = {5},
  pages = {106},
  doi = {10.1038/s41534-019-0217-0}
}

@article{smithDisorderFreeLocalization2017,
  title = {Disorder-{{Free Localization}}},
  author = {Smith, A. and Knolle, J. and Kovrizhin, D. L. and Moessner, R.},
  date = {2017-06-27},
  journaltitle = {Phys. Rev. Lett.},
  volume = {118},
  number = {26},
  pages = {266601},
  doi = {10.1103/PhysRevLett.118.266601}
}

@article{smithDynamicalLocalizationMathbbZ2018,
  title = {Dynamical {{Localization}} in \$\textbackslash mathbb\{\vphantom\}{{Z}}\vphantom\{\}\_2\$ {{Lattice Gauge Theories}}},
  author = {Smith, Adam and Knolle, Johannes and Moessner, Roderich and Kovrizhin, Dmitry L.},
  date = {2018-06-22},
  journaltitle = {Phys. Rev. B},
  volume = {97},
  number = {24},
  eprint = {1803.06574},
  eprinttype = {arxiv},
  pages = {245137},
  issn = {2469-9950, 2469-9969},
  doi = {10.1103/PhysRevB.97.245137},
  archiveprefix = {arXiv}
}

@article{smolyaninovMetamaterialbasedModelAlcubierre2011,
  title = {Metamaterial-Based Model of the {{Alcubierre}} Warp Drive},
  author = {Smolyaninov, Igor I.},
  date = {2011-09-07},
  journaltitle = {Phys. Rev. B},
  volume = {84},
  number = {11},
  pages = {113103},
  publisher = {{American Physical Society}},
  doi = {10.1103/PhysRevB.84.113103}
}

@article{spring2021amorphous,
  title = {Amorphous Topological Phases Protected by Continuous Rotation Symmetry},
  author = {Spring, Helene and Akhmerov, Anton and Varjas, Daniel},
  date = {2021},
  journaltitle = {SciPost Physics},
  volume = {11},
  number = {2},
  pages = {022}
}

@article{srednickiChaosQuantumThermalization1994,
  title = {Chaos and {{Quantum Thermalization}}},
  author = {Srednicki, Mark},
  date = {1994-08-01},
  journaltitle = {Phys. Rev. E},
  volume = {50},
  number = {2},
  eprint = {cond-mat/9403051},
  eprinttype = {arxiv},
  pages = {888--901},
  issn = {1063-651X, 1095-3787},
  doi = {10.1103/PhysRevE.50.888},
  archiveprefix = {arXiv}
}

@thesis{StreifelSkewCharacteristic2016,
  title = {Skew Characteristic Polynomials of Cacti},
  author = {Streifel, Amy Nicole},
  date = {2016},
  institution = {{Washington State University}}
}

@article{swendsenNonuniversalCriticalDynamics1987,
  title = {Nonuniversal Critical Dynamics in {{Monte Carlo}} Simulations},
  author = {Swendsen, Robert H. and Wang, Jian-Sheng},
  date = {1987-01-12},
  journaltitle = {Phys. Rev. Lett.},
  volume = {58},
  number = {2},
  pages = {86--88},
  doi = {10.1103/PhysRevLett.58.86}
}

@unpublished{sykesLocalTopologicalMarkers2020,
  title = {Local {{Topological Markers}} in {{Odd Dimensions}}},
  author = {Sykes, Joseph and Barnett, Ryan},
  date = {2020-12-04},
  eprint = {2011.04771},
  eprinttype = {arxiv},
  primaryclass = {cond-mat, physics:quant-ph},
  url = {http://arxiv.org/abs/2011.04771},
  urldate = {2020-12-18},
  archiveprefix = {arXiv},
  version = {2}
}

@article{Tait1880,
  title = {Remarks on the Colouring of Maps},
  author = {Tait, Peter G.},
  date = {1880},
  journaltitle = {Proceedings of the Royal Society of Edinburgh},
  volume = {10},
  number = {4},
  pages = {501--503}
}

@inproceedings{tait1880remarks,
  title = {Remarks on the Colouring of Maps},
  booktitle = {Proc. {{Roy}}. {{Soc}}. {{Edinburgh}}},
  author = {Tait, Peter Guthrie},
  date = {1880},
  volume = {10},
  number = {729},
  pages = {501--503}
}

@article{Takagi2019,
  title = {Concept and Realization of {{Kitaev}} Quantum Spin Liquids},
  author = {Takagi, Hidenori and Takayama, Tomohiro and Jackeli, George and Khaliullin, Giniyat and Nagler, Stephen E.},
  date = {2019},
  journaltitle = {Nature Reviews Physics},
  volume = {1},
  number = {4},
  pages = {264--280}
}

@article{taylorHighsensitivityDiamondMagnetometer2008,
  title = {High-Sensitivity Diamond Magnetometer with Nanoscale Resolution},
  author = {Taylor, J. M. and Cappellaro, P. and Childress, L. and Jiang, L. and Budker, D. and Hemmer, P. R. and Yacoby, A. and Walsworth, R. and Lukin, M. D.},
  date = {2008-10},
  journaltitle = {Nature Physics},
  volume = {4},
  number = {10},
  pages = {810--816},
  issn = {1745-2481},
  doi = {10.1038/nphys1075},
  langid = {english}
}

@article{tetienneMagneticfielddependentPhotodynamicsSingle2012,
  title = {Magnetic-Field-Dependent Photodynamics of Single {{NV}} Defects in Diamond: An Application to Qualitative All-Optical Magnetic Imaging},
  shorttitle = {Magnetic-Field-Dependent Photodynamics of Single {{NV}} Defects in Diamond},
  author = {Tetienne, J.-P. and Rondin, L. and Spinicelli, P. and Chipaux, M. and Debuisschert, T. and Roch, J.-F. and Jacques, V.},
  date = {2012},
  journaltitle = {New J. Phys.},
  volume = {14},
  number = {10},
  pages = {103033},
  issn = {1367-2630},
  doi = {10.1088/1367-2630/14/10/103033},
  langid = {english}
}

@online{ThesisNotes,
  title = {Thesis {{Notes}}},
  url = {https://docs.google.com/document/d/16k7IqWAd8LLhjJjqpVyRvIGnC4qZl3UpLvjSNmPH3yU/edit?usp=embed_facebook},
  urldate = {2022-02-15},
  langid = {british},
  organization = {{Google Docs}}
}

@article{thoulessLongRangeOrderOneDimensional1969,
  title = {Long-{{Range Order}} in {{One-Dimensional Ising Systems}}},
  author = {Thouless, D. J.},
  date = {1969-11-10},
  journaltitle = {Phys. Rev.},
  volume = {187},
  number = {2},
  pages = {732--733},
  doi = {10.1103/PhysRev.187.732}
}

@article{thoulessQuantizedHallConductance1982,
  title = {Quantized {{Hall Conductance}} in a {{Two-Dimensional Periodic Potential}}},
  author = {Thouless, D. J. and Kohmoto, M. and Nightingale, M. P. and family=Nijs, given=M., prefix=den, useprefix=true},
  date = {1982-08-09},
  journaltitle = {Phys. Rev. Lett.},
  volume = {49},
  number = {6},
  pages = {405--408},
  publisher = {{American Physical Society}},
  doi = {10.1103/PhysRevLett.49.405}
}

@article{TrebstPhysRep2022,
  title = {Kitaev Materials},
  author = {Trebst, Simon and Hickey, Ciar\'an},
  date = {2022-03-04},
  journaltitle = {Physics Reports},
  series = {Kitaev Materials},
  volume = {950},
  pages = {1--37},
  issn = {0370-1573},
  doi = {10.1016/j.physrep.2021.11.003},
  langid = {english}
}

@article{Udagawa2021,
  title = {Scanning Tunneling Microscopy as a Single Majorana Detector of Kitaev's Chiral Spin Liquid},
  author = {Udagawa, Masafumi and Takayoshi, Shintaro and Oka, Takashi},
  date = {2021-03},
  journaltitle = {Phys. Rev. Lett.},
  volume = {126},
  number = {12},
  pages = {127201},
  publisher = {{American Physical Society}},
  doi = {10.1103/PhysRevLett.126.127201},
  pagetotal = {6}
}

@article{usmaniInversionTridiagonalJacobi1994,
  title = {Inversion of a Tridiagonal Jacobi Matrix},
  author = {Usmani, Riaz A.},
  date = {1994-11-15},
  journaltitle = {Linear Algebra and its Applications},
  volume = {212--213},
  pages = {413--414},
  issn = {0024-3795},
  doi = {10.1016/0024-3795(94)90414-6},
  langid = {english}
}

@article{vanderwaltNumPyArrayStructure2011,
  title = {The {{NumPy Array}}: {{A Structure}} for {{Efficient Numerical Computation}}},
  shorttitle = {The {{NumPy Array}}},
  author = {family=Walt, given=Stefan, prefix=van der, useprefix=true and Colbert, S. Chris and Varoquaux, Gael},
  date = {2011-03},
  journaltitle = {Computing in Science Engineering},
  volume = {13},
  number = {2},
  pages = {22--30},
  issn = {1558-366X},
  doi = {10.1109/MCSE.2011.37},
  eventtitle = {Computing in {{Science Engineering}}}
}

@article{vanvleckNoteInteractionsSpins1962,
  title = {Note on the {{Interactions}} between the {{Spins}} of {{Magnetic Ions}} or {{Nuclei}} in {{Metals}}},
  author = {Van Vleck, J. H.},
  date = {1962-10-01},
  journaltitle = {Rev. Mod. Phys.},
  volume = {34},
  number = {4},
  pages = {681--686},
  publisher = {{American Physical Society}},
  doi = {10.1103/RevModPhys.34.681}
}

@unpublished{vatsMultivariateOutputAnalysis2015,
  title = {Multivariate {{Output Analysis}} for {{Markov}} Chain {{Monte Carlo}}},
  author = {Vats, Dootika and Flegal, James M. and Jones, Galin L.},
  date = {2015-12-23},
  eprint = {1512.07713},
  eprinttype = {arxiv},
  primaryclass = {math, stat},
  url = {http://arxiv.org/abs/1512.07713},
  urldate = {2019-06-18},
  archiveprefix = {arXiv}
}

@article{Verresen2022,
  title = {Unifying {{Kitaev}} Magnets, Kagome Dimer Models and Ruby {{Rydberg}} Spin Liquids},
  author = {Verresen, Ruben and Vishwanath, Ashvin},
  date = {2022-05},
  journaltitle = {arXiv e-prints},
  eprint = {2205.15302},
  eprinttype = {arxiv},
  primaryclass = {cond-mat.str-el},
  pages = {arXiv:2205.15302},
  adsurl = {https://ui.adsabs.harvard.edu/abs/2022arXiv220515302V},
  archiveprefix = {arXiv},
  eid = {arXiv:2205.15302}
}

@article{virtanenSciPyFundamentalAlgorithms2020,
  title = {{{SciPy}} 1.0: Fundamental Algorithms for Scientific Computing in {{Python}}},
  shorttitle = {{{SciPy}} 1.0},
  author = {Virtanen, Pauli and Gommers, Ralf and Oliphant, Travis E. and Haberland, Matt and Reddy, Tyler and Cournapeau, David and Burovski, Evgeni and Peterson, Pearu and Weckesser, Warren and Bright, Jonathan and family=Walt, given=St\'efan J., prefix=van der, useprefix=true and Brett, Matthew and Wilson, Joshua and Millman, K. Jarrod and Mayorov, Nikolay and Nelson, Andrew R. J. and Jones, Eric and Kern, Robert and Larson, Eric and Carey, C. J. and Polat, \.Ilhan and Feng, Yu and Moore, Eric W. and VanderPlas, Jake and Laxalde, Denis and Perktold, Josef and Cimrman, Robert and Henriksen, Ian and Quintero, E. A. and Harris, Charles R. and Archibald, Anne M. and Ribeiro, Ant\^onio H. and Pedregosa, Fabian and family=Mulbregt, given=Paul, prefix=van, useprefix=true},
  date = {2020-03},
  journaltitle = {Nature Methods},
  volume = {17},
  number = {3},
  pages = {261--272},
  publisher = {{Nature Publishing Group}},
  issn = {1548-7105},
  doi = {10.1038/s41592-019-0686-2},
  issue = {3},
  langid = {english}
}

@article{walesGlobalOptimizationBasinHopping1997,
  title = {Global {{Optimization}} by {{Basin-Hopping}} and the {{Lowest Energy Structures}} of {{Lennard-Jones Clusters Containing}} up to 110 {{Atoms}}},
  author = {Wales, David and Doye, Jonathan},
  date = {1997-07-01},
  journaltitle = {J. Phys. Chem. A},
  volume = {101},
  number = {28},
  eprint = {cond-mat/9803344},
  eprinttype = {arxiv},
  pages = {5111--5116},
  issn = {1089-5639, 1520-5215},
  doi = {10.1021/jp970984n},
  archiveprefix = {arXiv}
}

@article{wangDeterminingDensityStates2001,
  title = {Determining the Density of States for Classical Statistical Models: {{A}} Random Walk Algorithm to Produce a Flat Histogram},
  shorttitle = {Determining the Density of States for Classical Statistical Models},
  author = {Wang, Fugao and Landau, D. P.},
  date = {2001-10-17},
  journaltitle = {Phys. Rev. E},
  volume = {64},
  number = {5},
  pages = {056101},
  doi = {10.1103/PhysRevE.64.056101}
}

@article{WangHaoranPRB2021,
  title = {Majorana Edge and Corner States in Square and Kagome Quantum Spin-3/2 Liquids},
  author = {Wang, Haoran and Principi, Alessandro},
  date = {2021-12},
  journaltitle = {Phys. Rev. B},
  volume = {104},
  number = {21},
  pages = {214422},
  publisher = {{American Physical Society}},
  doi = {10.1103/PhysRevB.104.214422},
  pagetotal = {8}
}

@article{Weaire1971,
  title = {Electronic Properties of an Amorphous Solid. {{I}}. {{A}} Simple Tight-Binding Theory},
  author = {Weaire, D. and Thorpe, M. F.},
  date = {1971-10},
  journaltitle = {Phys. Rev. B},
  volume = {4},
  number = {8},
  pages = {2508--2520},
  publisher = {{American Physical Society}},
  doi = {10.1103/PhysRevB.4.2508},
  pagetotal = {0}
}

@article{Weaire1976,
  title = {The Structure of Amorphous Solids},
  author = {Weaire, D. and Thorpe, M. F.},
  date = {1976},
  journaltitle = {Contemporary Physics},
  volume = {17},
  number = {2},
  pages = {173--191},
  publisher = {{Taylor \& Francis}},
  doi = {10.1080/00107517608210851},
  pagetotal = {0}
}

@article{Wen1989,
  title = {Chiral Spin States and Superconductivity},
  author = {Wen, X. G. and Wilczek, Frank and Zee, A.},
  date = {1989-06},
  journaltitle = {Phys. Rev. B},
  volume = {39},
  number = {16},
  pages = {11413--11423},
  publisher = {{American Physical Society}},
  doi = {10.1103/PhysRevB.39.11413},
  pagetotal = {0}
}

@article{wenChiralSpinStates1989,
  title = {Chiral Spin States and Superconductivity},
  author = {Wen, X. G. and Wilczek, Frank and Zee, A.},
  date = {1989-06-01},
  journaltitle = {Phys. Rev. B},
  volume = {39},
  number = {16},
  pages = {11413--11423},
  publisher = {{American Physical Society}},
  doi = {10.1103/PhysRevB.39.11413}
}

@article{wenDisorderedRouteCoulomb2017,
  title = {Disordered {{Route}} to the {{Coulomb Quantum Spin Liquid}}: {{Random Transverse Fields}} on {{Spin Ice}} in \$\{\textbackslash mathrm\{\vphantom{\}\}}{{Pr}}\vphantom\{\}\vphantom\{\}\_\{2\}\{\textbackslash mathrm\{\vphantom{\}\}}{{Zr}}\vphantom\{\}\vphantom\{\}\_\{2\}\{\textbackslash mathrm\{\vphantom{\}\}}{{O}}\vphantom\{\}\vphantom\{\}\_\{7\}\$},
  shorttitle = {Disordered {{Route}} to the {{Coulomb Quantum Spin Liquid}}},
  author = {Wen, J.-J. and Koohpayeh, S. M. and Ross, K. A. and Trump, B. A. and McQueen, T. M. and Kimura, K. and Nakatsuji, S. and Qiu, Y. and Pajerowski, D. M. and Copley, J. R. D. and Broholm, C. L.},
  date = {2017-03-08},
  journaltitle = {Phys. Rev. Lett.},
  volume = {118},
  number = {10},
  pages = {107206},
  publisher = {{American Physical Society}},
  doi = {10.1103/PhysRevLett.118.107206}
}

@book{wenQuantumFieldTheory2007,
  title = {Quantum {{Field Theory}} of {{Many-Body Systems}}: {{From}} the {{Origin}} of {{Sound}} to an {{Origin}} of {{Light}} and {{Electrons}}},
  shorttitle = {Quantum {{Field Theory}} of {{Many-Body Systems}}},
  author = {Wen, Xiao-Gang},
  date = {2007},
  series = {Oxford {{Graduate Texts}}},
  publisher = {{Oxford University Press}},
  location = {{Oxford}},
  doi = {10.1093/acprof:oso/9780199227259.001.0001},
  isbn = {978-0-19-922725-9},
  langid = {english},
  pagetotal = {520}
}

@article{Winter2016,
  title = {Challenges in Design of {{Kitaev}} Materials: {{Magnetic}} Interactions from Competing Energy Scales},
  author = {Winter, Stephen M. and Li, Ying and Jeschke, Harald O. and Valent\'i, Roser},
  date = {2016-06},
  journaltitle = {Phys. Rev. B},
  volume = {93},
  number = {21},
  pages = {214431},
  publisher = {{American Physical Society}},
  doi = {10.1103/PhysRevB.93.214431},
  pagetotal = {21}
}

@article{Winter2017,
  title = {Models and Materials for Generalized {{Kitaev}} Magnetism},
  author = {Winter, Stephen M and Tsirlin, Alexander A. and Daghofer, Maria and family=Brink, given=Jeroen, prefix=van den, useprefix=true and Singh, Yogesh and Gegenwart, Philipp and Valent\'i, Roser},
  date = {2017},
  journaltitle = {Journal of Physics: Condensed Matter},
  volume = {29},
  number = {49},
  pages = {493002}
}

@article{witczak-krempaCorrelatedQuantumPhenomena2014,
  title = {Correlated {{Quantum Phenomena}} in the {{Strong Spin-Orbit Regime}}},
  author = {Witczak-Krempa, William and Chen, Gang and Kim, Yong Baek and Balents, Leon},
  date = {2014},
  journaltitle = {Annual Review of Condensed Matter Physics},
  volume = {5},
  number = {1},
  pages = {57--82},
  doi = {10.1146/annurev-conmatphys-020911-125138},
  annotation = {\_eprint: https://doi.org/10.1146/annurev-conmatphys-020911-125138}
}

@article{wolffCollectiveMonteCarlo1989,
  title = {Collective {{Monte Carlo Updating}} for {{Spin Systems}}},
  author = {Wolff, Ulli},
  date = {1989-01-23},
  journaltitle = {Phys. Rev. Lett.},
  volume = {62},
  number = {4},
  pages = {361--364},
  doi = {10.1103/PhysRevLett.62.361}
}

@article{wolffCollectiveMonteCarlo1989a,
  title = {Collective {{Monte Carlo Updating}} for {{Spin Systems}}},
  author = {Wolff, Ulli},
  date = {1989-01-23},
  journaltitle = {Phys. Rev. Lett.},
  volume = {62},
  number = {4},
  pages = {361--364},
  doi = {10.1103/PhysRevLett.62.361}
}

@article{wolffMonteCarloErrors2004,
  title = {Monte {{Carlo}} Errors with Less Errors},
  author = {Wolff, Ulli},
  date = {2004-01-01},
  journaltitle = {Computer Physics Communications},
  volume = {156},
  number = {2},
  pages = {143--153},
  issn = {0010-4655},
  doi = {10.1016/S0010-4655(03)00467-3}
}

@article{Wu2009,
  title = {{$\Gamma$}-Matrix Generalization of the {{Kitaev}} Model},
  author = {Wu, Congjun and Arovas, Daniel and Hung, Hsiang-Hsuan},
  date = {2009},
  journaltitle = {Physical Review B},
  volume = {79},
  number = {13},
  pages = {134427},
  owner = {willian},
  timestamp = {2015.06.24}
}

@article{yamadaDesigningKitaevSpin2017,
  title = {Designing {{Kitaev Spin Liquids}} in {{Metal-Organic Frameworks}}},
  author = {Yamada, Masahiko G. and Fujita, Hiroyuki and Oshikawa, Masaki},
  date = {2017-08},
  journaltitle = {Phys. Rev. Lett.},
  volume = {119},
  number = {5},
  pages = {057202},
  publisher = {{American Physical Society}},
  doi = {10.1103/PhysRevLett.119.057202}
}

@article{Yamashita2020,
  title = {Sample Dependence of Half-Integer Quantized Thermal {{Hall}} Effect in the {{Kitaev}} Spin-Liquid Candidate {$\alpha$}-{{RuCl}}{$_{3}$}},
  author = {Yamashita, M. and Gouchi, J. and Uwatoko, Y. and Kurita, N. and Tanaka, H.},
  date = {2020-12},
  journaltitle = {Phys. Rev. B},
  volume = {102},
  number = {22},
  pages = {220404},
  publisher = {{American Physical Society}},
  doi = {10.1103/PhysRevB.102.220404},
  pagetotal = {5}
}

@article{yangExceptionalSpinLiquids2021,
  title = {Exceptional {{Spin Liquids}} from {{Couplings}} to the {{Environment}}},
  author = {Yang, Kang and Morampudi, Siddhardh C. and Bergholtz, Emil J.},
  date = {2021-02-16},
  journaltitle = {Phys. Rev. Lett.},
  volume = {126},
  number = {7},
  eprint = {2007.04329},
  eprinttype = {arxiv},
  pages = {077201},
  issn = {0031-9007, 1079-7114},
  doi = {10.1103/PhysRevLett.126.077201},
  archiveprefix = {arXiv}
}

@article{Yao2009,
  title = {Algebraic Spin Liquid in an Exactly Solvable Spin Model},
  author = {Yao, Hong and Zhang, Shou-Cheng and Kivelson, Steven A.},
  date = {2009-05},
  journaltitle = {Phys. Rev. Lett.},
  volume = {102},
  number = {21},
  pages = {217202},
  publisher = {{American Physical Society}},
  doi = {10.1103/PhysRevLett.102.217202},
  pagetotal = {4}
}

@article{Yao2011,
  title = {Fermionic Magnons, Non-Abelian Spinons, and the Spin Quantum Hall Effect from an Exactly Solvable Spin-1/2 Kitaev Model with {{SU}}(2) Symmetry},
  author = {Yao, Hong and Lee, Dung-Hai},
  date = {2011-08},
  journaltitle = {Phys. Rev. Lett.},
  volume = {107},
  number = {8},
  pages = {087205},
  publisher = {{American Physical Society}},
  doi = {10.1103/PhysRevLett.107.087205},
  pagetotal = {5}
}

@article{yaoAlgebraicSpinLiquid2009,
  title = {Algebraic {{Spin Liquid}} in an {{Exactly Solvable Spin Model}}},
  author = {Yao, Hong and Zhang, Shou-Cheng and Kivelson, Steven A.},
  date = {2009-05-29},
  journaltitle = {Phys. Rev. Lett.},
  volume = {102},
  number = {21},
  pages = {217202},
  publisher = {{American Physical Society}},
  issn = {0031-9007, 1079-7114},
  doi = {10.1103/PhysRevLett.102.217202},
  langid = {english}
}

@article{yaoExactChiralSpin2007,
  title = {An Exact Chiral Spin Liquid with Non-{{Abelian}} Anyons},
  author = {Yao, Hong and Kivelson, Steven A.},
  date = {2007-12-12},
  journaltitle = {Phys. Rev. Lett.},
  volume = {99},
  number = {24},
  eprint = {0708.0040},
  eprinttype = {arxiv},
  pages = {247203},
  issn = {0031-9007, 1079-7114},
  doi = {10.1103/PhysRevLett.99.247203},
  archiveprefix = {arXiv}
}

@article{yaoQuasiManyBodyLocalizationTranslationInvariant2016,
  title = {Quasi-{{Many-Body Localization}} in {{Translation-Invariant Systems}}},
  author = {Yao, N. Y. and Laumann, C. R. and Cirac, J. I. and Lukin, M. D. and Moore, J. E.},
  date = {2016-12-07},
  journaltitle = {Phys. Rev. Lett.},
  volume = {117},
  number = {24},
  pages = {240601},
  doi = {10.1103/PhysRevLett.117.240601}
}

@article{Yokoi2021,
  title = {Majorana Quantization and Half-Integer Thermal Quantum {{Hall}} Effect in a {{Kitaev}} Spin Liquid},
  author = {Yokoi, T. and Ma, S. and Kasahara, Y. and others},
  date = {2021-07},
  journaltitle = {Science},
  volume = {373},
  pages = {568--572},
  doi = {10.1126/science.aay5551},
  pagetotal = {5}
}

@book{Yonezawa1983,
  title = {Topological Disorder in Condensed Matter},
  editor = {Yonezawa, F. and Ninomiya, T.},
  date = {1983},
  series = {Springer-Series in Solid State Sciences},
  volume = {46},
  publisher = {{Springer-Verlag}},
  location = {{Berlin Heidelberg}}
}

@article{yosidaMagneticPropertiesCuMn1957,
  title = {Magnetic {{Properties}} of {{Cu-Mn Alloys}}},
  author = {Yosida, Kei},
  date = {1957-06-01},
  journaltitle = {Phys. Rev.},
  volume = {106},
  number = {5},
  pages = {893--898},
  publisher = {{American Physical Society}},
  doi = {10.1103/PhysRev.106.893}
}

@book{zallen2008physics,
  title = {The Physics of Amorphous Solids},
  author = {Zallen, Richard},
  date = {2008},
  publisher = {{John Wiley \& Sons}}
}

@article{žondaGaplessRegimeCharge2019,
  title = {Gapless Regime in the Charge Density Wave Phase of the Finite Dimensional {{Falicov-Kimball}} Model},
  author = {\v{Z}onda, Martin and Okamoto, Junichi and Thoss, Michael},
  date = {2019-08-12},
  journaltitle = {Phys. Rev. B},
  volume = {100},
  number = {7},
  eprint = {1907.04697},
  eprinttype = {arxiv},
  pages = {075124},
  issn = {2469-9950, 2469-9969},
  doi = {10.1103/PhysRevB.100.075124},
  archiveprefix = {arXiv}
}

@article{zondaGaplessRegimeCharge2019a,
  title = {Gapless Regime in the Charge Density Wave Phase of the Finite Dimensional {{Falicov-Kimball}} Model},
  author = {\v{Z}onda, Martin and Okamoto, Junichi and Thoss, Michael},
  date = {2019-08-12},
  journaltitle = {Phys. Rev. B},
  volume = {100},
  number = {7},
  pages = {075124},
  publisher = {{American Physical Society}},
  doi = {10.1103/PhysRevB.100.075124}
}

@unpublished{zondaGaplessRegimeChargedensitywave2019,
  title = {Gapless Regime in Charge-Density-Wave Phase of the Finite Dimensional {{Falicov-Kimball}} Model},
  author = {\v{Z}onda, Martin and Okamoto, Junichi and Thoss, Michael},
  date = {2019-07-10},
  eprint = {1907.04697},
  eprinttype = {arxiv},
  primaryclass = {cond-mat},
  url = {http://arxiv.org/abs/1907.04697},
  urldate = {2019-07-11},
  archiveprefix = {arXiv}
}

@article{žondaPhaseTransitionsThreedimensional2009,
  title = {Phase Transitions in the Three-Dimensional {{Falicov}}\textendash{{Kimball}} Model},
  author = {\v{Z}onda, Martin and Farka\v{s}ovsk\'y, Pavol and \v{C}en\v{c}arikov\'a, Hana},
  date = {2009-12-01},
  journaltitle = {Solid State Communications},
  volume = {149},
  number = {45},
  pages = {1997--2001},
  issn = {0038-1098},
  doi = {10.1016/j.ssc.2009.08.035},
  langid = {english}
}

@incollection{zotero-527,
  type = {incollection}
}

@article{Zschocke_Physical_states2015,
  title = {Physical States and Finite-Size Effects in {{Kitaev}}'s Honeycomb Model: {{Bond}} Disorder, Spin Excitations, and {{NMR}} Line Shape},
  author = {Zschocke, Fabian and Vojta, Matthias},
  date = {2015-07},
  journaltitle = {Phys. Rev. B},
  volume = {92},
  number = {1},
  pages = {014403},
  publisher = {{American Physical Society}},
  doi = {10.1103/PhysRevB.92.014403},
  pagetotal = {12}
}

@article{zschockePhysicalStatesFinitesize2015,
  title = {Physical States and Finite-Size Effects in {{Kitaev}}'s Honeycomb Model: {{Bond}} Disorder, Spin Excitations, and {{NMR}} Line Shape},
  shorttitle = {Physical States and Finite-Size Effects in {{Kitaev}}'s Honeycomb Model},
  author = {Zschocke, Fabian and Vojta, Matthias},
  date = {2015-07-06},
  journaltitle = {Phys. Rev. B},
  volume = {92},
  number = {1},
  pages = {014403},
  publisher = {{American Physical Society}},
  doi = {10.1103/PhysRevB.92.014403}
}


